2019 3254
871 162 1162 206 *32—

258 269 372 312 haud
403 278 559 325 paucas
598 284 686 311 non
723 285 957 325 numquam
1002 271 1087 312 acri
1124 272 1167 312 et
1196 269 1309 311 felici
1340 269 1495 312 iudicio
1527 284 1641 312 usus
1710 268 1778 311 Sic

260 341 486 382 obscuram
541 341 661 381 illam
714 341 903 395 glossam
951 356 992 395 p.
1038 341 1140 395 679,
1189 340 1238 381 17
1298 339 1359 381 ed.
1412 338 1535 381 Vulc.
1599 340 1778 382 eoeenim:

259 411 391 462 valde,
422 410 497 452 ubi
530 409 734 452 Graevius
765 410 930 466 p.·25a
959 412 1067 453 enim
1099 409 1348 465 simpliciter
1379 408 1563 467 delebat,
1594 408 1779 451 Almelo-

260 494 419 521 veenus
451 495 492 533 p.
532 481 591 521 Tb
629 481 738 521 enim
769 495 819 521 ex
855 495 886 522 e.
917 482 963 535 22,
1000 482 1112 535 quod
1149 482 1195 522 id
1228 484 1285 522 est
1320 480 1557 534 significare
1588 480 1780 532 potuisse

264 551 345 592 sibi
382 551 670 605 persuaserat,
708 550 869 591 factum
911 551 1107 606 putabat,
1150 550 1303 593 Isidori
1342 549 1564 605 Originum
1602 549 1696 591 loco
1729 547 1780 602 X,

263 622 318 662 83
347 619 395 675 (t.
421 619 486 660 III
517 633 557 672 p.
588 619 673 659 469
708 620 769 660 ed.
801 619 989 676 Areval.)
1022 621 1178 662 collato
1212 621 1474 663 ‘exornatust
1506 620 1626 662 valde
1658 633 1781 661 orna-

259 694 349 744 tus,
387 704 441 731 ex
472 687 604 729 enim
643 703 721 742 pro
752 689 898 731 valde
933 690 1126 744 ponitur:
1167 690 1276 733 sicut
1306 692 1479 734 excelsus
1510 690 1633 747 quasi
1667 688 1783 731 valde

263 758 453 814 celsus’1)
472 758 693 812 ingeniose
715 759 939 813 expedivit.
983 759 1120 801 Multo
1141 760 1301 801 leviora
1321 760 1593 803 Semlerianis
1613 775 1663 801 ea
1682 761 1783 800 sunt

265 844 372 885 quae
404 829 450 870 in
482 827 712 869 ‘Actorum
746 827 971 870 Societatis
1003 828 1183 871 Latinae
1220 829 1437 872 Ienensis'
1470 830 1685 873 volumine
1717 827 1782 870 III

261 900 389 941 Ienae
428 913 462 939 a.
499 898 611 938 1754
650 898 764 939 edito
802 914 841 952 p.
873 900 1119 940 252—266
1158 901 1328 953 prolata
1367 903 1468 941 sunt
1505 901 1558 941 ab
1589 899 1649 941 Io.
1679 899 1783 939 Ern.

261 969 383 1010 Imm.
409 966 666 1021 Walchio,
699 968 914 1009 societatis
945 968 1058 1009 illius
1091 967 1343 1023 ‘directore’,
1373 969 1454 1011 hac
1484 967 1782 1023 inscriptione:

264 1038 406 1079 ‘notae
450 1040 493 1078 et
536 1037 856 1078 emendationes
896 1037 949 1078 ad
986 1038 1139 1079 Isidori
1183 1038 1348 1092 glossas
1393 1052 1443 1079 ex
1480 1037 1783 1091 Manuscriptis

262 1107 431 1149 Barthii
481 1107 819 1149 Schurzfleischii
869 1110 911 1149 et
958 1106 1131 1149 Daumii
1180 1107 1408 1151 collectae?
1490 1107 1638 1149 Edidit
1678 1107 1783 1148 haec

264 1178 487 1219 Walehius
515 1193 566 1218 ex
590 1178 781 1219 thesauri
807 1177 1065 1219 Vulcaniani
1092 1177 1326 1233 exemplo‘2)
1359 1179 1410 1219 de
1439 1177 1784 1219 ‘instructissima

265 1248 535 1290 Serenissimi
566 1247 698 1289 Ducis
724 1247 994 1289 Vinariensis
1021 1248 1294 1290 bibliotheca'
1328 1249 1592 1303 deprompto,
1623 1247 1690 1289 0111
1715 1246 1785 1288 ad-

265 1319 447 1372 scriptae
486 1319 608 1358 erant
656 1318 828 1359 illorum
872 1317 1191 1358 adnotationes:
1235 1321 1362 1373 atque
1397 1317 1570 1359 Daumii
1614 1317 1784 1371 quidem

265 1402 520 1442 perpaucae,
563 1389 789 1442 pleraeque
834 1386 1033 1440 Casparis
1077 1387 1261 1442 Barthii,
1310 1402 1398 1429 non
1438 1402 1598 1442 paucae
1648 1386 1693 1429 C.
1744 1386 1784 1428 S.

270 1528 353 1562 cina
386 1526 550 1571 benigna
585 1525 726 1569 faveat,
764 1526 835 1561 hoc
871 1526 1001 1561 Isidori
1039 1526 1257 1571 glossarium
1294 1526 1378 1561 aliis
1415 1526 1569 1561 subinde
1607 1525 1786 1561 secuturis

273 1585 430 1628 Latinis,
458 1584 728 1619 Graecolatinis
754 1587 792 1619 et
816 1584 1094 1629 Latinograecis
1119 1584 1370 1629 praemittere,
1397 1584 1495 1628 quod
1520 1584 1615 1619 istae
1640 1584 1786 1628 glossae

268 1645 427 1679 rariores
452 1654 527 1678 non
559 1643 678 1678 solum
703 1642 855 1677 iamiam
887 1643 973 1677 sunt
996 1654 1200 1688 parumque
1227 1642 1374 1687 obviae,
1410 1642 1473 1678 sed
1499 1643 1537 1677 et
1563 1641 1786 1678 obscuritate

267 1704 388 1738 multa
419 1701 638 1745 mendisque
670 1700 840 1746 plurimis
872 1701 992 1735 adhuc
1017 1700 1205 1745 laborant,
1238 1701 1402 1746 mihique
1435 1702 1482 1736 ad
1514 1712 1575 1736 eas
1607 1701 1787 1736 iuvandas

270 1761 440 1797 nonnihil
466 1759 661 1805 collegisse
687 1758 849 1801 videor’3
875 1771 910 1804 p.
939 1763 1028 1794 730:
1075 1759 1086 1775 ‘
1110 1787 1116 1794 .
1138 1787 1145 1794 .
1167 1787 1175 1795 .
1200 1759 1294 1794 forte
1319 1760 1534 1805 propediem
1560 1759 1786 1795 Glossarium

271 1820 459 1864 integrum
487 1818 654 1853 emittere
679 1817 795 1853 licet'.
845 1817 946 1852 Haec
972 1818 1169 1862 scripserat
1188 1828 1220 1852 a.
1243 1822 1349 1860 17493
1375 1830 1494 1862 neque
1519 1820 1645 1853 tamen
1666 1818 1787 1852 ‘Luci-

272 1890 358 1913 nam
385 1878 492 1912 deam
517 1876 682 1911 invenire
707 1875 745 1911 in
766 1875 985 1911 Germaniae
1009 1877 1117 1911 terris
1142 1876 1262 1912 licuit'
1292 1876 1389 1921 (vide
1414 1876 1501 1912 libri
1525 1888 1635 1921 quem
1661 1876 1788 1912 statim

269 1936 516 1971 indicabimus
542 1946 578 1979 p.
606 1936 699 1978 479).
759 1936 890 1978 Itaque
922 1946 953 1969 a.
984 1938 1072 1969 1752
1108 1945 1232 1970 mense
1258 1935 1393 1970 Martio
1420 1935 1676 1971 adnotationes
1707 1946 1789 1970 suas

271 1994 479 2029 Marchioni
530 1992 695 2037 Scipioni
746 1992 892 2027 Maffeio
943 1994 1103 2028 edendas
1153 1994 1275 2039 misit,
1325 1994 1388 2039 qui
1438 2005 1499 2029 eas
1552 2006 1634 2030 cum
1677 1994 1789 2029 Fran-

274 2053 369 2087 cisco
396 2051 557 2086 Antonio
589 2050 762 2085 Zaccaria
796 2051 927 2085 Isidori
958 2051 1158 2086 editionem
1182 2054 1262 2086 tum
1293 2054 1449 2096 parante
1481 2052 1788 2086 communicabat.

274 2109 448 2145 Zaccaria
472 2110 597 2144 autem
623 2111 709 2144 ante
735 2109 837 2144 edita
861 2109 992 2145 Isidori
1018 2120 1129 2155 opera
1153 2111 1299 2144 mortuo
1325 2109 1552 2145 Semleriana
1576 2110 1615 2144 in
1639 2110 1790 2145 Arevali

278 2181 409 2204 manus
434 2170 691 2214 pervenerunt,
719 2168 783 2213 qui
809 2168 860 2203 eis
886 2168 924 2203 in
950 2168 1189 2204 emendandis
1216 2168 1375 2203 ‘Isidori’
1403 2168 1535 2214 glossis
1560 2180 1647 2204 usus
1672 2170 1729 2204 est
1753 2170 1791 2204 et

277 2227 448 2263 ‘Semleri
473 2227 744 2273 praefationem
768 2227 807 2262 in
832 2228 938 2262 notas
963 2239 1048 2263 mss.
1075 2226 1248 2273 glossarii
1273 2226 1481 2262 Isidoriani'
1508 2227 1546 2262 in
1572 2227 1791 2263 Isidoriano-

273 2300 353 2322 rum
380 2288 485 2332 parte
512 2288 561 2331 II,
589 2291 632 2323 58
657 2300 693 2332 p.
721 2291 908 2322 470—480
933 2287 1026 2322 tomi
1051 2287 1067 2321 I
1092 2288 1230 2322 Romae
1256 2298 1287 2323 a.
1310 2291 1399 2322 1797
1426 2287 1481 2322 ed.
1507 2286 1789 2333 imprimendam

279 2347 433 2382 curavit.

374 2405 399 2449 ¹)
427 2404 478 2439 Cf.
511 2405 650 2439 ibidem
684 2408 746 2439 83:
796 2407 963 2448 expertus
989 2432 996 2438 .
1024 2431 1031 2438 .
1060 2431 1067 2438 .
1099 2415 1142 2439 eoe
1174 2406 1267 2439 enim
1296 2406 1354 2439 hic
1379 2415 1450 2448 pro
1486 2405 1590 2439 valde
1618 2406 1792 2450 ponitur-3

277 2467 338 2498 89:
365 2464 517 2508 exiyuus
544 2491 551 2498 .
579 2492 586 2499 .
614 2491 622 2499 .
655 2473 698 2497 ex
723 2463 818 2497 enim
837 2473 908 2506 pro
933 2463 1037 2498 valde
1054 2464 1228 2507 ponitmq
1267 2467 1328 2497 92:
1355 2466 1502 2497 exustus
1527 2490 1535 2498 .
1563 2492 1570 2498 .
1598 2489 1605 2497 .
1631 2474 1675 2498 ex
1699 2465 1793 2498 enim

275 2533 343 2566 pro
374 2522 477 2556 valde
501 2522 666 2565 ponitur.
717 2521 772 2555 Ex
810 2532 972 2566 quonam
1002 2521 1181 2567 glossario
1212 2522 1303 2556 haec
1334 2532 1373 2556 re
1404 2532 1492 2556 vera
1516 2521 1646 2556 Isidori
1671 2522 1794 2567 glossa

278 2580 434 2624 fluxerit,
460 2580 623 2615 nondum
647 2580 835 2626 indagavi.

375 2638 401 2682 2)
427 2638 647 2683 Exemplum
677 2639 771 2674 illud
803 2639 890 2674 olim
918 2638 1058 2683 Caspar
1083 2639 1256 2673 Barthius
1288 2639 1519 2683 possederat,
1552 2650 1625 2683 quo
1649 2641 1794 2675 mortuo

280 2697 319 2732 C.
345 2697 383 2732 F.
410 2697 758 2733 Franckensteinius
784 2698 972 2733 Professor
991 2697 1194 2743 Lipsiensis
1220 2697 1428 2732 Daumiana
1452 2697 1659 2744 adscripsit.
1706 2698 1795 2734 Post

281 2755 648 2789 Franckensteinium
674 2757 803 2790 nactus
831 2759 887 2791 est
912 2757 1018 2791 Conr.
1047 2757 1143 2790 Sam.
1171 2756 1530 2799 Schurtzfleischius,
1556 2757 1657 2792 cuius
1680 2758 1795 2792 frater

280 2813 463 2849 Henricus
495 2812 734 2850 Leonhardus
765 2815 802 2849 in
834 2815 1104 2851 Bibliothecam
1136 2814 1390 2849 Vinariensem
1423 2814 1573 2861 detulit,
1610 2815 1676 2851 ubi
1707 2827 1794 2851 num

281 2873 466 2916 hodieque
492 2875 613 2908 exstet
636 2874 770 2918 nescio,
796 2885 915 2918 neque
942 2875 1034 2909 scire
1060 2874 1178 2919 cupio.
