2019 3254
877 159 1130 200 ,7-

245 268 291 308 ut
320 265 485 308 Placidi
498 264 528 321 l)
559 265 718 307 ibidem
749 282 789 321 p.
822 266 942 308 5602.
972 258 1306 307 discerniculum:
1339 268 1623 306 ornamentum
1653 265 1760 317 capi-

244 337 296 379 tis
330 337 616 392 viminalis,
658 336 911 392 plenissima
941 338 1085 378 autem
1124 338 1168 378 et
1210 338 1259 378 ut
1300 336 1470 377 videtur
1506 335 1677 390 integra
1714 334 1759 377 in

243 408 358 455 codd.
388 407 613 449 Vossianis
642 406 735 449 Fol.
772 406 872 464 242)
908 409 952 449 et
988 407 1081 449 Fol.
1120 407 1194 461 82,
1230 405 1544 461 Amploniano²
1581 421 1621 460 p.
1659 405 1759 459 296,

244 478 311 533 73,
335 478 545 534 glossario
572 476 813 522 Salomonis
828 477 874 536 3),
900 478 1011 534 apud
1037 477 1235 534 Papiam:
1265 476 1601 520 discerniculum:
1632 488 1754 517 orna-

241 552 420 590 mentum
449 548 594 600 capitis
617 549 832 601 viminalis
861 563 914 589 ex
938 551 1071 589 auro.
1119 549 1170 589 In
1200 549 1450 602 supplendis
1477 548 1559 589 hac
1589 547 1757 588 ratione

240 619 398 674 glossis
428 632 515 661 non
544 618 700 661 mirum
732 621 797 661 est
828 619 940 675 quod
971 617 1363 661 vetustissimorum
1395 618 1606 673 codicum,
1637 615 1758 658 velut

242 675 535 747 Sangallensis
567 690 652 731 912
691 692 734 731 et
764 690 964 732 Vaticani
995 691 1130 745 3321,
1168 689 1423 745 glossaria&
1456 705 1478 731 e
1516 692 1755 731 ceterorum

240 773 370 814 grege
401 760 600 802 eminent.
663 761 755 810 Qua
787 761 837 802 de
868 776 913 802 re
956 761 1157 815 quoniam
1193 761 1322 818 infra,
1362 761 1436 802 ubi
1473 760 1527 802 ad
1559 759 1753 814 singulos

240 829 407 872 codices
456 833 651 872 accurate
700 831 999 880 describendos
1044 833 1296 885 perventum
1346 831 1445 884 erit,
1495 830 1752 884 singillatim

240 901 410 955 agetur,
447 913 559 942 nune
589 916 719 942 unum
752 916 803 942 ex
836 901 1048 943 sexcentis
1086 901 1292 955 exemplis
1335 900 1609 955 proposuisse
1647 900 1753 942 satis

240 969 460 1013 habemus.
521 971 677 1013 Glossa
708 972 823 1013 enim
854 972 978 1014 haec:

415 1063 593 1109 Gaudes:
624 1080 724 1108 vasa
753 1067 899 1120 fictilia

358 1146 435 1180 cod.
463 1146 715 1192 Sangallensis
740 1151 808 1181 912
829 1159 865 1191 p.
892 1150 954 1188 453
981 1146 1059 1181 cod.
1088 1147 1289 1181 Vossianus
1315 1146 1392 1182 Fol.
1414 1150 1477 1188 24;
1504 1146 1584 1181 cod.
1604 1146 1753 1181 Vossia-

354 1217 422 1240 nus
441 1205 518 1241 Fol.
540 1210 600 1249 823
629 1206 708 1241 cod.
733 1205 1019 1251 Amplonianus¹
1045 1218 1079 1251 p.
1101 1210 1180 1250 280,
1201 1209 1244 1240 43
1266 1205 1424 1249 (caudes)
1452 1206 1490 1240 et
1514 1217 1548 1249 p.
1576 1208 1655 1248 285,
1682 1209 1750 1240 365

355 1264 545 1308 (uictilia);
590 1264 668 1298 cod.
711 1263 1005 1307 Amplonianus²
1042 1276 1077 1308 p.
1117 1268 1203 1307 286,
1242 1267 1307 1306 293
1351 1263 1461 1308 gloss.
1505 1263 1751 1298 Hildebrandi

355 1334 390 1366 p.
411 1325 467 1366 43,
488 1327 549 1365 28;
576 1322 685 1367 gloss.
708 1321 930 1364 Salomonis;
955 1322 1107 1367 Papias;
1135 1321 1321 1357 Osbernus
1341 1334 1376 1366 p.
1402 1322 1500 1357 138b
1526 1322 1608 1356 coll.
1629 1334 1665 1367 p.
1686 1326 1748 1365 87;

353 1380 464 1425 gloss.
493 1380 652 1415 ‘Isidori'
680 1392 714 1425 p.
742 1384 821 1424 673,
850 1384 891 1414 17
919 1381 956 1414 et
982 1383 1060 1424 675,
1087 1384 1142 1414 34.

235 1463 395 1517 insigni
433 1464 724 1505 additamento
763 1478 846 1505 uno
886 1462 1042 1504 codicis
1074 1457 1277 1504 Vaticani
1309 1463 1421 1505 3321
1456 1463 1485 1507 f.
1520 1465 1602 1505 17V
1632 1464 1751 1506 testi-

235 1533 379 1574 monio
400 1536 598 1588 augetur:
623 1533 812 1574 cardens:
837 1546 942 1574 uasa
957 1532 1133 1584 frestiua
1150 1531 1404 1586 saliorum-³²),
1430 1533 1540 1574 unde
1566 1534 1750 1575 evadens

234 1604 398 1645 candes:
441 1617 542 1645 vasa
570 1603 716 1656 fictilia
752 1601 1007 1644 Saliorum
1038 1601 1250 1656 scriptura
1283 1617 1411 1656 quam
1442 1602 1580 1658 bonae
1612 1603 1751 1658 frugis

235 1673 292 1715 sit
315 1676 530 1714 neminem
561 1673 687 1728 fugit.

352 1743 560 1786 Truneari
581 1744 747 1799 glossas
773 1743 861 1785 iam
881 1743 1084 1786 vidimus:
1117 1743 1287 1785 easdem
1307 1744 1563 1799 interpolari
1583 1744 1750 1787 alienis-

235 1830 315 1870 que
335 1815 638 1857 additamentis
659 1814 858 1869 ampliari
875 1829 963 1856 non
981 1814 1135 1855 desunt
1159 1829 1267 1869 quae
1288 1815 1527 1856 ostendant.
1578 1814 1750 1858 Glossa-

233 1901 328 1927 rum
359 1886 472 1926 enim
503 1886 728 1939 multiplex
761 1887 804 1926 et
840 1885 886 1926 in
916 1885 1104 1926 minutas
1134 1885 1368 1938 particulas
1401 1885 1587 1928 discreta
1617 1889 1749 1928 mate-

233 1955 298 1997 ria
329 1956 390 1997 ita
422 1957 670 2011 comparata
702 1957 785 2009 est,
821 1957 870 1996 ut
908 1969 1003 1996 eum
1037 1954 1108 2009 qui
1151 1954 1271 2009 legat
1315 1955 1368 1996 ad
1404 1955 1750 2010 interpolandum

330 2118 355 2162 ¹)
381 2118 515 2153 Hausit
538 2117 704 2162 Angelus
729 2117 804 2152 Mai
834 2128 879 2152 ex
910 2117 989 2152 cod.
1013 2116 1185 2152 Palatino
1212 2121 1319 2161 1773,
1350 2116 1452 2151 euius
1477 2116 1515 2151 in
1541 2117 1629 2152 solio
1659 2122 1746 2153 102γ

235 2177 383 2211 Placidi
407 2177 700 2211 Discerniculum
723 2180 972 2210 ornamentum
996 2176 1132 2220 kapitis
1162 2176 1322 2220 uiryim's
1352 2176 1529 2220 scriptum
1555 2188 1635 2211 esse
1660 2176 1747 2211 Use-

233 2246 341 2270 nerus
366 2236 495 2270 auctor
520 2235 585 2269 est.
632 2233 731 2276 Quae
756 2234 879 2278 glossa
903 2235 1029 2268 utrum
1053 2245 1091 2268 re
1117 2244 1205 2269 vera
1223 2233 1367 2269 Placidi
1392 2234 1442 2269 sit
1465 2246 1511 2269 an
1538 2245 1659 2269 errore
1685 2235 1748 2269 ad-

234 2293 390 2339 scriptus
414 2293 527 2329 fontis
551 2292 743 2331 indiculus.
759 2292 892 2338 nescio,
918 2304 1002 2328 eum
1020 2293 1246 2337 reliquorum
1274 2293 1375 2328 ‘libri
1400 2293 1620 2338 glossarum’
1649 2294 1748 2329 codi-

232 2364 314 2387 cum
338 2352 553 2387 testimonia
577 2363 688 2397 penes
712 2363 771 2386 me
797 2363 870 2386 non
896 2351 981 2388 sint.

329 2410 354 2455 ἓ)
380 2410 436 2446 Ibi
460 2410 760 2446 discernaculum
786 2410 963 2455 scriptum
990 2412 1054 2446 est.

252 2501 257 2506 .
329 2470 356 2515 ³)
381 2469 464 2505 Nisi
489 2469 590 2514 quod
612 2468 667 2504 ibi
690 2469 858 2513 virginis
882 2469 1010 2504 habes.

326 2515 357 2569 45Ι
379 2527 600 2562 Addendum
630 2537 718 2572 prae
744 2526 874 2561 ceteris
901 2526 1037 2562 codicis
1064 2527 1300 2572 Amploniani
1331 2528 1551 2573 glossarium
1578 2530 1746 2575 alterum,

230 2588 330 2633 quod
355 2587 522 2632 quamvis
546 2585 664 2621 multo
695 2586 782 2630 post
811 2584 878 2620 illa
907 2585 1084 2631 scriptum
1109 2585 1172 2632 sit,
1205 2588 1263 2622 sat
1293 2598 1402 2634 saepe
1427 2589 1554 2624 tamen
1578 2590 1746 2636 proprias

231 2658 315 2682 suas
339 2647 410 2681 hac
434 2646 473 2681 in
497 2657 535 2680 re
561 2644 717 2680 virtutes
742 2645 866 2679 habet.

325 2705 355 2750 ⁵)
380 2704 475 2740 Hinc'
505 2704 631 2739 hausit
666 2704 709 2739 A.
740 2703 858 2739 Maius
890 2703 941 2738 VI
971 2715 1007 2748 p.
1035 2707 1148 2748 514a,
1181 2705 1245 2750 qui
1281 2706 1408 2742 tamen
1438 2706 1573 2750 fretiva
1609 2707 1741 2744 edidit:

227 2764 383 2808 frestiua
424 2765 591 2799 nostrum
633 2763 846 2804 Ludovicus·
878 2763 1138 2798 Mendelssohn
1182 2764 1375 2810 excerpsit.
1443 2765 1614 2801 Ceterum
1655 2777 1743 2802 vasa

227 2823 396 2867 festiua
433 2834 456 2858 a
489 2822 588 2872 Maio
632 2834 762 2868 parum
799 2822 957 2861 feliciter
998 2822 1232 2874 propositum
1275 2834 1354 2859 esse
1385 2824 1598 2861 testimonia
1634 2837 1743 2872 supra

229 2882 386 2918 collecta
411 2881 555 2919 docent.
