2019 3254
860 140 1190 188 —23—'

249 253 602 297 ‘Vocabularium
635 253 877 310 Optimum'
916 268 941 295 a
971 252 1183 295 Guilelmo
1226 252 1609 308 Wackernagel
1640 252 1763 295 Basi-

246 323 338 367 leae
370 340 406 367 a.
441 325 551 368 1847
585 325 757 368 editum.
792 349 841 354 —-

361 394 549 436 Primum
574 395 707 449 igitur
732 395 784 436 ad
811 394 1023 449 glossaria
1048 408 1161 435 mere
1187 393 1324 435 latina
1349 382 1429 435 nos
1460 394 1762 449 convertimus,

246 480 328 521 quo
360 481 411 508 ex
441 480 617 508 numero
643 467 691 508 ut
716 465 899 509 ‘Isidori'
932 480 1039 522 quae
1065 466 1273 509 vocantur
1299 463 1470 519 glossas
1495 464 1634 519 primo
1666 464 1761 507 loco

242 537 489 579 tractandas
522 537 743 593 eligamus,
774 538 869 592 ipsa
900 553 1048 580 earum
1080 537 1314 592 singularis
1346 539 1507 578 natura
1536 534 1654 578 facit.

953 668 1049 719 §a

769 746 827 789 Dc
855 745 1035 781 ‘Isidori'
1064 746 1227 789 glossis.

361 828 547 870 ‘Isidori'
574 830 755 885 glossas,
782 844 962 883 quarum
982 829 1093 883 apud
1111 830 1303 884 priorum
1324 829 1594 871 saeculorum
1618 830 1758 884 philo-

241 898 364 953 logos
390 898 615 953 multiplex
639 898 735 954 fuit,
768 899 960 953 quamvis
986 913 1073 940 non
1098 913 1265 953 semper
1290 913 1419 940 sanus
1446 914 1560 953 usus,
1590 901 1755 953 primus

241 968 373 1010 edidit
402 968 709 1010 Bonaventura
740 969 1019 1010 Vulcanius
1051 969 1098 1010 in
1127 969 1239 1011 libro
1265 969 1464 1023 Lugduni
1495 969 1757 1011 Batavorum

241 1054 277 1081 a.
317 1039 430 1081 1600
466 1039 673 1093 impresso
716 1039 787 1094 qui
824 1039 1074 1082 inscribitur
1113 1038 1379 1081 ‘Thesaurus
1420 1039 1640 1095 utriusque
1678 1039 1757 1081 lin-

240 1122 349 1163 guae
382 1142 391 1150 .
423 1141 431 1150 .
464 1108 500 1150 .'
538 1109 638 1151 inde
671 1124 697 1150 a
725 1125 766 1164 p.
798 1110 882 1151 667
935 1109 1152 1164 ςΑρχοῐανεε,
1182 1110 1361 1151 cochlear
1391 1110 1586 1164 Amasco,
1617 1125 1758 1152 amare

239 1181 354 1233 cupio
397 1180 632 1234 Abroyans,
674 1178 862 1222 humili-3⁹
915 1194 1048 1234 usque
1096 1180 1150 1221 ad
1192 1194 1232 1234 p.
1271 1180 1355 1222 698
1407 1179 1585 1234 ‘Zanym
1623 1181 1757 1234 pellis.

238 1251 360 1300 Acro,
386 1250 534 1303 Niqris
557 1250 735 1290 medium
759 1250 945 1302 impediit
967 1248 1088 1304 crus',
1112 1249 1194 1291 hoc
1220 1249 1346 1291 titulo
1374 1251 1582 1304 praefixo:
1616 1251 1758 1291 ‘Liber

239 1319 487 1361 Glossarum
520 1333 571 1360 ex
602 1319 731 1360 variis
770 1319 990 1374 glossariis
1030 1333 1137 1373 quae
1175 1319 1254 1360 sub
1286 1318 1442 1361 Isidori
1473 1320 1645 1361 nomine
1678 1321 1755 1362 cir-

238 1390 531 1431 cumferuntur
563 1389 792 1432 collectus.⁹
861 1389 1108 1432 Simillimae
1139 1389 1293 1431 indolis
1328 1392 1429 1431 sunt
1460 1405 1566 1446 quae
1597 1406 1637 1445 p.
1670 1391 1753 1433 699

238 1475 297 1515 sq.
330 1460 459 1501 edidit
490 1461 713 1515 sexaginta
742 1460 826 1501 tria
866 1459 1094 1501 ‘vocabula
1130 1459 1293 1500 rariora
1330 1460 1506 1501 collecta
1538 1475 1559 1501 e
1598 1462 1754 1516 glossis

236 1529 476 1572 veteribus.⁹
515 1530 583 1572 Ad
602 1532 829 1585 utrumque
849 1530 1107 1585 glossarium
1126 1529 1344 1595 pertinent
1363 1544 1471 1584 quae
1491 1545 1532 1584 p.
1551 1530 1753 1573 91—106

236 1600 424 1642 adiectae
457 1600 558 1642 sunt
589 1600 712 1643 eBon.
743 1600 944 1643 Vulcanii
975 1599 1106 1655 Brug.
1138 1599 1445 1655 castigationes
1479 1602 1521 1641 et
1550 1603 1678 1643 notae
1709 1602 1755 1643 in

236 1672 401 1726 glossas
443 1670 632 1726 Isidori',
676 1670 828 1726 quibus
871 1671 1173 1724 percorruptae
1216 1669 1314 1711 illae
1359 1670 1526 1725 glossae
1573 1670 1755 1713 feliciter

237 1756 338 1782 sane
376 1756 464 1784 non
503 1756 687 1796 semper,
722 1742 971 1796 plerumque
1015 1742 1161 1781 tamen
1197 1740 1419 1795 ingeniose
1456 1743 1696 1783 tractantur
1709 1741 1754 1798 ¹),

238 1804 346 1866 quae
380 1811 548 1866 quidem
579 1811 804 1867 ingeniosa
836 1810 1048 1866 sagacitas
1078 1812 1121 1851 et
1152 1810 1383 1865 singularis
1416 1810 1611 1852 doctrina
1641 1813 1753 1853 unde

235 1883 405 1924 fluxerit
434 1898 533 1925 mox
566 1882 801 1937 apparebit.

353 1953 521 2008 Exiguo
548 1953 752 2007 temporis
784 1954 883 2007 post
907 1952 1163 1994 Vulcanium
1188 1952 1415 1993 intervallo
1442 1952 1620 1993 iteratae
1652 1956 1753 1995 sunt

237 2022 421 2065 ‘Isidori’
453 2023 620 2078 glossae
653 2022 704 2063 ad
738 2022 897 2063 calcem
927 2021 1127 2076 Dionysii
1153 2020 1408 2064 Gothofredi
1438 2021 1471 2064 I.
1499 2021 1543 2064 C.
1576 2022 1752 2066 ‘Aucto-

234 2108 329 2134 rum
360 2094 519 2135 latinae
556 2093 729 2148 linguae
761 2093 805 2133 in
836 2107 969 2134 unum
999 2093 1268 2134 redactorum
1301 2092 1490 2147 corpus',
1522 2093 1634 2148 quod
1665 2093 1751 2135 edi-

232 2166 326 2205 tum
358 2166 422 2205 est
453 2163 493 2205 S.
525 2162 718 2206 Gervasii
749 2178 785 2205 a.
820 2163 944 2205 1602.
1006 2161 1113 2205 Cum
1145 2165 1288 2205 autem
1320 2164 1489 2219 glossae
1521 2163 1749 2206 Vulcania-

236 2248 316 2274 nae
360 2234 475 2275 intra
512 2234 776 2289 singularum
820 2234 1056 2275 litterarum
1103 2235 1311 2275 ambitum
1349 2235 1440 2275 sine
1477 2235 1564 2276 ullo
1603 2236 1749 2276 ordine

234 2307 507 2346 coacervatae
539 2307 694 2359 essent,
726 2306 794 2346 sat
817 2304 979 2346 utiliter
1004 2304 1117 2359 apud
1143 2304 1452 2347 Gothofredum
1478 2304 1531 2346 ad
1557 2319 1749 2346 severum

236 2374 452 2429 alphabeti
490 2376 683 2417 ordinem
720 2375 917 2417 redactae
957 2379 1073 2426 sunt,
1111 2377 1159 2416 ut
1195 2376 1293 2416 inde
1332 2390 1358 2416 a
1387 2391 1428 2430 p.
1470 2377 1513 2416 1:
1582 2375 1662 2416 ‘Ab
1698 2390 1750 2430 se,

236 2449 481 2500 spontaneus
510 2446 660 2501 Abaja,
690 2447 853 2499 insama
882 2448 1024 2488 domus
1054 2446 1227 2497 Abudir,
1259 2447 1365 2500 lapis
1388 2446 1655 2501 Abartenum,
1686 2448 1750 2489 in-

233 2517 442 2559 honestum
468 2550 475 2558 .
503 2550 511 2557 .
538 2515 562 2558 .'
594 2531 727 2572 usque
760 2516 813 2558 ad
844 2531 883 2571 p.
915 2516 972 2558 34
1005 2515 1237 2571 ‘Utensz'lia,
1268 2517 1408 2558 viatici
1436 2520 1622 2571 sumptus
1654 2518 1748 2560 Vul-

333 2695 358 2739 1)
383 2694 497 2729 Velut
521 2694 682 2739 glossam
707 2705 742 2738 p.
770 2696 855 2736 676,
881 2696 925 2728 22
951 2701 1133 2728 eumerus}
1165 2693 1331 2728 urbanus
1356 2694 1527 2728 notarum
1552 2705 1588 2739 p.
1614 2697 1676 2738 95,
1706 2697 1746 2729 13

230 2762 410 2787 canterus:
437 2753 609 2788 curbatus
634 2752 864 2787 scribendam
889 2751 1074 2796 proponit,
1100 2751 1148 2786 ad.
1172 2764 1208 2796 p.
1231 2756 1309 2796 682,
1331 2756 1374 2787 49
1402 2753 1590 2797 incippat:
1622 2753 1748 2787 aludit

229 2824 265 2857 p.
299 2815 364 2856 97,
395 2815 439 2846 25
478 2811 649 2846 adnotat:
687 2811 995 2855 καταετηλιτεύει,
1033 2810 1080 2846 ad
1110 2823 1145 2856 p.
1179 2815 1264 2856 675,
1299 2816 1314 2846 1
1354 2812 1591 2857 castipulum:
1626 2822 1748 2852 mensa

231 2872 415 2917 quadrata
440 2883 476 2918 p.
503 2874 559 2915 94,
587 2874 628 2906 51
659 2870 766 2906 ‘alias
793 2870 890 2916 (sic!)
917 2870 1164 2915 cartibulum’,
1190 2870 1269 2908 sim.
