2019 3254
886 136 1176 178 —24—

267 243 416 293 tuos-us,
443 238 572 281 tristis
596 239 756 295 Ζαηῃα,
780 240 903 294 pellis
927 273 936 281 .
963 273 971 281 .
998 273 1006 281 .
1025 240 1214 294 pellibus’
1246 240 1499 295 pertineant,
1531 241 1678 282 eodem
1704 256 1787 296 quo

266 310 503 352 Vulcanius
536 325 636 352 usus
669 313 761 352 erat
785 310 911 352 titulo
937 311 1213 366 praescripto.
1262 310 1409 366 Neque
1436 313 1580 352 tamen
1610 311 1790 353 feliciter

267 383 373 424 haec
398 396 511 424 nova
537 381 750 424 ordinatio
777 380 915 435 cessit,
947 396 1044 423 cum
1070 381 1340 424 Vulcaniana.
1364 397 1451 424 non
1475 382 1646 438 integra
1671 397 1788 424 man-

269 454 413 495 serint.
486 454 655 494 Inserta
698 452 811 493 enim
855 454 956 493 sunt
1004 453 1117 493 inter
1161 453 1357 494 ‘Isidori'
1408 454 1577 508 glossas
1616 454 1671 494 63
1715 454 1790 494 illa

269 524 493 566 ‘vocabula
524 523 721 577 rariora',
754 537 936 578 quorum
974 524 1235 565 mentionem
1274 523 1400 565 modo
1438 523 1633 579 fecimus3
1674 525 1790 566 velut

269 609 377 649 quae
408 611 448 649 p.
484 595 533 635 17
568 593 682 647 apud
709 592 1022 635 Gothofredum
1054 596 1223 635 exstant
1246 594 1410 636 hebira:
1448 595 1574 636 lorica
1604 597 1647 636 et
1682 594 1788 637 hilo:

268 666 418 719 aquilo,
450 679 521 705 eas
552 664 666 705 inter
692 662 877 705 ‘Isidori'
904 664 1070 718 glossas
1096 678 1297 719 quaerere
1321 664 1423 719 noli,
1454 679 1550 706 cum
1576 679 1626 706 ex
1652 664 1789 706 ‘voca-

268 736 380 777 bulis
412 733 668 792 rarioribus'
701 749 741 788 p.
775 734 878 789 700,
913 735 965 775 13
998 737 1040 775 et
1075 736 1127 775 14
1165 736 1360 789 sumptae
1399 735 1496 775 sint.
1564 734 1790 776 Praeterea

268 809 411 848 autem
448 820 538 847 non
581 818 631 846 ea
668 819 753 859 qua
790 818 869 858 par
907 806 998 845 erat
1035 804 1257 859 diligentia
1299 818 1406 858 quae
1438 803 1672 846 Vulcanius
1704 804 1788 846 edi-

267 878 387 918 derat
418 876 601 930 repetita
633 877 749 930 sunt3
782 874 1056 915 conferantur

438 969 639 1012 Vulcanii
671 969 838 1023 glossae
1198 968 1451 1010 Gothofredi
1482 969 1649 1022 glossae

266 1069 306 1109 p.
334 1053 431 1107 696,
446 1052 501 1094 28
517 1050 783 1104 Tironatum,
798 1049 1012 1091 rudimen
1049 1066 1089 1106 p.
1120 1051 1173 1092 31
1207 1050 1470 1105 Tironatum,
1500 1049 1713 1092 rudinem

267 1139 307 1178 p.
334 1124 433 1177 696,
459 1123 513 1163 29
546 1120 816 1176 Togillatim,
849 1120 1013 1175 singil-
1049 1137 1089 1176 p.
1122 1123 1177 1163 32
1208 1121 1474 1175 Togillatim,
1506 1120 1742 1175 sigillatim

267 1279 307 1318 p.
328 1194 507 1316 &965149
524 1261 820 1317 Tongillatim,
840 1261 1015 1316 sigilla·
1050 1278 1089 1316 p.
1113 1263 1167 1303 32
1195 1262 1488 1316 Tongillaffim,
1514 1261 1788 1315 singillatim

364 1349 407 1374 m

266 1419 306 1457 p.
328 1336 431 1458 2¹96,
457 1403 514 1444 34
546 1402 814 1456 Tuspollen,
842 1415 1013 1455 manna,
1049 1417 1088 1456 p.
1121 1404 1176 1444 32
1209 1402 1488 1457 Tuspollem,
1520 1417 1689 1453 manna,
1720 1402 1788 1443 vel
1822 1433 1840 1440 -

325 1473 391 1514 vel
423 1486 557 1528 genus
589 1471 799 1526 pigmenti
1108 1486 1242 1528 genus
1272 1472 1481 1527 pigmenti

265 1558 306 1596 p.
332 1544 436 1597 696,
474 1544 529 1584 36
572 1543 847 1595 Teloneum,
891 1542 1012 1596 quasi
1049 1559 1088 1598 p.
1132 1545 1184 1584 31
1230 1544 1470 1597 Telonem,
1526 1543 1647 1597 quasi
1702 1558 1789 1584 om-

325 1613 516 1654 omnium
548 1646 557 1655 .
589 1645 598 1654 .
631 1644 640 1654 .
1105 1614 1224 1655 nium
1256 1648 1265 1657 .
1297 1648 1305 1656 .
1339 1647 1348 1655 .

266 1698 305 1737 p.
333 1683 430 1737 697,
457 1684 482 1724 9
516 1682 849 1737 Tongilliatim
880 1683 1010 1737 loqui,
1045 1699 1085 1738 p.
1114 1686 1170 1726 32
1202 1684 1507 1739 Tongillatim
1538 1684 1667 1738 loqui,
1692 1699 1786 1738 pra-

325 1753 467 1807 pravis
500 1754 640 1795 verbis
673 1787 680 1794 .
714 1786 723 1795 .
755 1787 763 1795 .
1103 1755 1167 1796 vis
1199 1755 1339 1796 verbis
1371 1787 1380 1795 .
1413 1787 1421 1795 .
1452 1787 1460 1795 .

265 1837 305 1875 p.
330 1823 428 1876 697,
454 1824 511 1864 20
542 1824 742 1864 Trimitat
772 1825 870 1876 post
901 1837 1082 1876 urna,p.
1115 1825 1171 1864 32
1202 1823 1413 1876 Trimitat,
1443 1825 1651 1876 posturna

266 1914 387 1957 Haec
414 1917 466 1958 ad
493 1917 628 1959 solam
655 1921 671 1958 t
698 1917 886 1958 litteram
913 1917 1151 1971 spectantia
1183 1918 1218 1959 si
1243 1917 1353 1959 forte
1384 1916 1555 1958 levioris
1580 1917 1786 1958 momenti

266 2000 358 2027 esse
402 1986 627 2028 videantur
670 2012 718 2016 ——
768 2001 1025 2042 quamquam
1070 1987 1159 2028 eius
1198 1987 1313 2029 modi
1350 1986 1609 2028 mutationes
1651 2001 1784 2041 paene

266 2071 435 2111 semper
466 2073 606 2099 merae
639 2059 902 2112 corruptelae
934 2060 1035 2099 sunt
1069 2081 1134 2110 —-,
1165 2057 1276 2098 idem
1307 2057 1353 2097 in
1384 2057 1489 2098 illud
1520 2057 1667 2098 cadere
1698 2072 1785 2099 non

264 2128 419 2182 potest,
440 2128 553 2182 quod
572 2128 766 2183 integrae
787 2127 986 2169 Vulcanii
1007 2128 1175 2181 glossae
1196 2127 1308 2181 apud
1328 2126 1638 2169 Gothofredum
1660 2129 1781 2169 omis-

266 2212 337 2238 sae
366 2201 483 2240 sunt:
510 2199 628 2240 velut
653 2199 814 2240 frustra
835 2198 946 2252 apud
971 2198 1085 2239 hunc
1111 2197 1369 2251 quaesiveris
1389 2197 1590 2239 Vulcanii
1616 2199 1782 2252 glossas

264 2282 304 2321 p.
337 2268 441 2323 697,
477 2270 529 2310 19
569 2269 849 2323 trayispicum3
891 2283 929 2322 p.
963 2269 1065 2322 672,
1097 2268 1122 2309 9
1161 2268 1432 2322 barbasterili,
1469 2268 1782 2325 duribuceius¹);

265 2353 304 2391 p.
344 2340 447 2392 693,
481 2340 506 2380 6
551 2341 687 2394 re'nas,
723 2352 862 2393 naves3
901 2353 941 2392 p.
974 2339 1077 2392 693,
1108 2339 1163 2380 47
1201 2338 1334 2379 scriba
1370 2338 1593 2392 aedilitias,
1630 2340 1700 2391 qui
1735 2354 1782 2381 ex

265 2410 393 2451 aedile
417 2414 489 2464 est,
517 2410 638 2452 alias.
687 2409 836 2464 Neque
862 2425 963 2451 vero
988 2409 1092 2451 haec
1118 2409 1262 2450 omnia
1286 2409 1353 2450 vel
1379 2409 1508 2450 verbo
1529 2423 1780 2451 commemo-

264 2494 444 2533 rassem,
486 2480 570 2521 nisi
615 2480 782 2531 scirem,
827 2481 898 2535 qui
938 2483 1089 2535 postea
1127 2479 1321 2521 ‘Isidori'
1359 2480 1524 2534 glossas
1561 2480 1782 2522 ediderunt

363 2618 386 2662 ¹)
419 2619 584 2663 Repetiit
618 2619 715 2654 hanc
757 2621 904 2655 tantum
941 2620 1114 2655 Vulcanii
1148 2632 1183 2665 p.
1220 2624 1305 2663 670,
1343 2623 1388 2653 34
1431 2619 1605 2664 glossam:
1651 2620 1778 2655 barba-

260 2678 400 2712 stereliz
433 2678 685 2721 duribueciu33
725 2678 861 2713 etenim
892 2678 957 2713 ubi
997 2678 1144 2713 easdem
1176 2678 1315 2723 glossas
1346 2677 1423 2712 sive
1452 2677 1585 2713 leviter
1615 2680 1778 2714 mutatas

260 2736 337 2771 sive
358 2734 525 2781 integras
545 2734 601 2770 bis
621 2735 681 2770 vel
700 2736 790 2770 adeo
811 2738 868 2771 ter
886 2737 1089 2772 Vulcanius
1109 2736 1268 2780 exhibet,
1289 2736 1451 2782 singulas
1470 2737 1621 2772 iteravit
1640 2737 1778 2774 Gotho-

260 2796 403 2839 fredus,
441 2796 537 2831 unde
576 2796 623 2830 ad
658 2796 770 2839 κρίειν
806 2796 1052 2831 factitandam
1090 2808 1132 2832 ex
1163 2796 1271 2831 huius
1310 2795 1471 2832 editione
1508 2796 1628 2831 minus
1665 2796 1778 2834 etiam.

260 2854 418 2890 subsidii
442 2854 521 2901 peti
546 2855 672 2900 potest
697 2864 808 2898 quam
834 2864 877 2888 ex
901 2853 1140 2890 Vulcaniana.
