2019 3254
711 631 1067 702 scriptoris
1109 631 1281 690 Vita.

355 851 495 893 Natus
530 866 623 893 sum
656 850 832 893 Carolus
866 850 1082 893 Gustavus
1114 851 1242 892 L‘owe
1276 851 1447 892 Grimae
1480 866 1592 892 anno
1624 851 1753 891 huius

240 923 395 964 saeculi
427 922 506 963 LII
538 922 604 963 die
635 921 783 964 XVIII
814 938 948 964 mens.
979 921 1012 963 F
1016 923 1122 976 ebr.,
1158 925 1280 976 patre
1315 920 1471 963 Carolo
1502 921 1752 963 Hermanno

237 991 382 1046 L'owe,
431 992 610 1033 illustris
662 992 773 1046 apud
825 991 1016 1033 Grimam
1065 991 1257 1034 Moldani
1305 991 1566 1046 professore,
1616 993 1753 1032 matre

238 1062 375 1104 Maria
400 1063 530 1104 Luisa
561 1063 612 1104 de
645 1065 771 1117 gente
791 1062 1083 1104 Witzschelia.
1131 1062 1252 1103 Fidei
1278 1062 1472 1103 addictus
1506 1077 1601 1103 sum
1630 1077 1754 1103 evan-

238 1133 410 1187 gelicae.
447 1132 682 1187 Postquam
706 1132 804 1173 inde
832 1132 885 1173 ab
906 1147 1019 1173 anno
1039 1130 1351 1173 MDCCCLXV
1371 1132 1563 1173 scholam
1583 1133 1752 1186 provin-

239 1203 389 1244 cialem
421 1202 687 1244 Grimensem
709 1201 925 1244 Wundero
946 1205 988 1244 et
1007 1202 1227 1243 Dietschio
1260 1202 1498 1244 rectoribus
1530 1202 1753 1243 florentem

237 1272 522 1328 frequentavi,
550 1287 600 1314 ex
627 1272 838 1328 gymnasii
858 1272 1082 1327 disciplina
1101 1272 1282 1313 emissus
1309 1287 1420 1313 anno
1441 1271 1753 1314 MDCCOLXX

237 1344 283 1383 in
315 1343 576 1384 academiam
607 1342 874 1397 Lipsiensem
908 1342 1232 1397 transmigravi,
1270 1343 1343 1383 ubi
1379 1357 1456 1396 per
1494 1345 1655 1396 septem
1689 1358 1751 1384 se-

237 1413 415 1454 mestria
455 1412 718 1467 philologiae
758 1412 909 1454 studiis
959 1412 1125 1454 deditus
1174 1412 1331 1453 scholis
1375 1412 1550 1454 interfui
1593 1412 1750 1454 Brock-

226 1482 378 1524 'hausii
403 1481 540 1524 Curtii
566 1482 813 1524 Drobischii
843 1482 1081 1524 Ecksteinii
1112 1482 1394 1524 Hildebrandi
1422 1482 1585 1538 Langei
1616 1482 1751 1537 Lipsii

236 1553 488 1595 Overbeckii
523 1553 748 1595 Ritschelii
792 1551 1084 1606 Struempellii
1129 1551 1290 1608 Voigtii
1335 1552 1552 1595 Zarnckei.
1621 1552 1750 1595 Semi—

235 1624 345 1665 narii
387 1623 640 1679 philologici
684 1623 825 1665 socius
870 1622 1111 1664 ordinarius
1161 1622 1224 1663 fui
1272 1637 1347 1678 per
1390 1638 1548 1665 annum
1592 1626 1635 1664 et
1679 1637 1752 1664 sex

236 1708 423 1748 menses,
448 1708 525 1748 per
550 1708 656 1748 quos
684 1693 864 1735 senioris
890 1707 1064 1734 munere
1089 1693 1315 1748 fungebar,
1341 1692 1478 1735 Curtii
1504 1694 1751 1735 societatem

236 1764 560 1819 grammaticam
609 1778 685 1819 per
728 1777 887 1805 annum
929 1756 1217 1818 frequentavi,
1266 1763 1488 1805 Ritschelii
1535 1764 1752 1807 societatis

235 1835 481 1889 philologae
513 1836 556 1875 et
585 1834 824 1876 Ecksteinii
855 1834 1074 1875 seminarii
1109 1834 1391 1889 paedagogici
1429 1835 1588 1876 sodalis
1621 1836 1751 1877 etiam

235 1919 349 1946 nunc
382 1919 487 1946 sum.
538 1904 706 1957 Quibus,
730 1905 832 1946 viris
860 1904 1057 1946 omnibus
1087 1904 1247 1959 optime
1280 1904 1330 1945 de
1361 1919 1428 1946 me
1460 1905 1644 1960 meritis,
1675 1906 1753 1947 im-

234 1975 383 2029 primis
422 1977 565 2016 autem
602 1974 867 2017 Friderico
904 1974 1217 2029 Ritschelio,
1255 1975 1327 2030 qui
1360 1975 1502 2016 studia
1532 1990 1625 2017 mea
1655 1990 1751 2017 cum

236 2046 464 2100 disciplina
502 2045 781 2088 saluberrima
811 2047 903 2087 tum
935 2059 1036 2087 cura
1070 2060 1119 2087 ac
1156 2045 1455 2087 benevolentia
1489 2046 1585 2100 plus
1624 2044 1751 2102 quam

234 2118 416 2170 paterna
434 2116 554 2170 fovit,
574 2118 781 2171 quantum
801 2116 977 2157 debeam
996 2130 1230 2171 numquam
1251 2116 1488 2158 obliviscar.
1526 2116 1752 2158 Praeterea

236 2188 384 2241 gratus
405 2186 571 2228 animus
598 2186 891 2228 testificandus
911 2188 976 2227 est
994 2185 1255 2228 Baehrensio
1275 2186 1462 2241 Ienensi,
1487 2186 1750 2229 Buechelero

234 2256 471 2311 Bonnensi,
514 2256 764 2298 Ecksteinio
808 2256 1039 2311 Lipsiensi,
1084 2255 1265 2311 Hageno
1304 2256 1533 2311 Bernensi,
1576 2256 1749 2299 Halmio

233 2326 502 2380 Monacensi,
545 2325 740 2367 Hartelio
784 2326 1128 2381 Vindobonensi,
1177 2326 1352 2369 Krehlio
1397 2327 1749 2369 Mendelssohnio

233 2395 491 2439 Naumanno
517 2396 831 2451 Lipsiensibus,
857 2397 1040 2439 Ruehlio
1067 2397 1347 2452 Dorpatensi,
1373 2397 1603 2439 Schmitzio
1624 2396 1749 2440 Colo—

234 2468 386 2522 niensi,
419 2466 631 2509 Schoellio
658 2466 836 2520 Ienensi,
862 2467 1197 2509 Weissenborno
1217 2468 1473 2521 Erfurtensi,
1498 2467 1749 2509 Woelfflino

232 2537 507 2594 Erlangensi,
547 2537 755 2593 imprimis
802 2539 945 2578 autem
987 2537 1223 2579 Du-Rieuo
1260 2537 1475 2593 Leidensi,
1512 2537 1748 2581 Ritschelio
1781 2577 1784 2579 .

232 2607 465 2663 Lipsiensi,
489 2609 681 2651 Usenero
710 2608 946 2662 Bonnensi‚
972 2609 1044 2662 qui
1068 2608 1146 2649 has
1172 2611 1344 2649 nostras
1370 2610 1641 2663 quaestiones
1668 2610 1750 2651 dici

231 2679 379 2734 nequit
405 2694 533 2735 quam
560 2682 601 2722 et
625 2679 745 2722 vario
773 2682 816 2721 et
841 2678 1020 2721 salutari
1045 2678 1222 2722 consilio
1250 2682 1293 2723 et
1318 2680 1475 2723 auxilio
1498 2680 1749 2740 benevolen-

230 2750 395 2791 tissime
427 2751 702 2792 sublevarint.
