2019 3254
873 175 1165 228 -26‚—

404 280 605 322 Vulcanii
655 281 838 323 editione
887 282 949 323 ita
1004 281 1137 323 videri
1191 279 1464 333 translatam,
1520 280 1567 320 ut
1617 279 1775 341 multas

403 351 608 394 Pithoeus
641 353 813 394 omnino
854 367 943 394 non
980 353 1204 407 reciperet,
1242 365 1421 406 quacum
1461 350 1627 392 ratione
1660 350 1777 393 ‘Ex-

404 426 580 478 cerpta
610 423 876 479 Pythoeana'
909 423 1059 464 titulus
1092 422 1252 477 optime
1284 420 1500 476 congruit3

322 490 367 548 2)
400 493 470 535 hic
490 494 577 535 illic
592 494 785 535 codicum
805 508 936 534 manu
957 493 1210 547 scriptorum
1227 507 1349 547 opem
1369 492 1502 534 videri
1522 492 1775 546 adhibitam3

322 563 368 619 3)
400 579 535 607 novas
569 565 737 619 glossas
770 579 1006 619 perpaucas
1039 578 1294 617 comparere.

255 646 373 688 Haec
406 646 576 701 quidem
602 646 712 688 ratio
739 646 847 687 nihil
871 646 955 687 nisi
979 644 1181 687 Vulcanii
1213 647 1255 686 et
1279 644 1448 686 Pithoei
1473 646 1679 688 editiones
1707 646 1775 687 ad-

254 703 421 758 hibenti
447 716 552 757 mihi
573 716 788 770 apparuit:
813 731 901 758 non
928 718 1071 758 autem
1089 714 1241 772 falsa1)
1267 730 1333 757 me
1353 717 1609 758 conclusisse
1628 719 1777 771 postea

255 788 450 842 cognovi,
476 801 571 828 cum
591 801 800 829 novorum
826 787 1112 828 subsidiorum
1139 801 1218 840 ope
1245 801 1352 840 quae
1380 787 1535 829 horum
1560 790 1775 842 excerpto-

255 873 350 898 rum
388 857 555 899 indoles
593 860 704 899 esset
740 858 1001 913 indagarem.
1064 856 1146 899 Sed
1182 857 1430 912 priusquam
1468 872 1517 899 eo
1555 858 1777 912 pervenia-

255 944 363 983 mus,
395 932 631 971 ceterorum
663 929 849 970 virorum
879 928 1102 970 doctorum
1129 927 1335 969 editiones
1368 930 1410 969 et
1436 927 1576 970 studia
1606 929 1651 970 in
1682 943 1773 983 per-

254 1000 372 1041 miris
404 1000 470 1041 his
503 998 775 1055 ‘quisquiliis'
808 1000 1016 1042 collocata
1046 999 1351 1054 perlustremus
1384 1013 1557 1041 necesse
1590 1001 1665 1042 est.

374 1070 635 1113 Vulcanium
654 1070 866 1112 Batavum
887 1073 929 1112 et
948 1070 1260 1112 Gothofredum
1280 1070 1567 1126 Pithoeosque
1587 1071 1773 1113 Franco-

258 1142 396 1196 gallos
448 1142 638 1196 sequitur
681 1141 899 1196 Hispanus
944 1141 1004 1183 Io.
1042 1140 1281 1184 Ludovicus
1325 1141 1380 1183 de
1424 1142 1474 1183 la
1518 1141 1675 1184 Cerda
1726 1142 1774 1184 ‘e

256 1212 458 1253 societate
509 1212 641 1266 Iesu’,
692 1212 764 1267 qui
814 1210 1191 1253 ‘Adversariorum
1241 1210 1523 1267 Sacrorum'2)
1574 1228 1609 1253 a.
1662 1213 1772 1254 1626

257 1281 456 1335 Lugduni
494 1282 705 1323 editorum
743 1283 883 1337 capita
921 1281 1055 1322 CXLI
1092 1285 1135 1323 et
1166 1281 1320 1322 CXLII
1358 1281 1416 1335 (p.
1454 1283 1773 1334 317a-339b)

254 1351 408 1393 Isidori
439 1352 598 1406 glossis
638 1354 884 1403 destinavit,
922 1353 983 1393 ita
1020 1355 1068 1393 ut
1104 1353 1244 1407 priore
1277 1352 1414 1406 capite
1451 1350 1627 1406 paene3)
1665 1352 1772 1394 inte-

253 1434 376 1475 gram
407 1422 609 1464 Vulcanii
647 1422 877 1464 editionem
914 1424 1141 1476 repeteret,
1183 1423 1317 1464 altero
1350 1436 1495 1463 omnes
1532 1422 1631 1463 illas
1667 1438 1772 1478 quas

251 1492 523 1546 transcripsit
566 1493 733 1548 glossas
782 1516 832 1521 ——
880 1495 980 1533 sunt
1023 1495 1166 1533 autem
1207 1492 1290 1533 527
1343 1516 1398 1521 —
1443 1492 1688 1546 emendaret
1730 1497 1773 1535 et

253 1565 481 1604 enarraret.
531 1563 764 1617 Propterea
790 1565 931 1605 autem
959 1564 1124 1618 glossas
1155 1563 1251 1603 illas
1283 1562 1329 1603 in
1355 1561 1596 1604 adversaria
1628 1578 1771 1606 sacra

251 1633 436 1687 recipere
487 1648 611 1674 suum
660 1634 827 1687 putavit
870 1634 999 1687 quod,
1044 1632 1145 1686 quin
1188 1631 1341 1672 Isidori
1390 1632 1469 1672 viri
1514 1634 1771 1675 sanctissimi

257 1706 401 1744 essent
438 1718 526 1744 non
566 1704 785 1758 dubitanS,
823 1704 868 1745 in
898 1704 1023 1745 huius
1063 1718 1238 1757 operum
1276 1701 1534 1744 editionibus
1574 1718 1643 1746 eas
1682 1720 1770 1747 non

254 1831 361 1865 Auct.
383 1830 469 1865 VIII
494 1844 529 1876 p.
550 1835 650 1867 401a
674 1831 810 1866 hausta
830 1832 901 1866 est:
930 1830 1159 1876 ‘officiperdi,
1185 1841 1319 1865 nomen
1344 1828 1605 1866 indeclinabile
1632 1831 1664 1866 .i.
1692 1832 1769 1867 offi-

252 1888 350 1922 cium
375 1889 545 1934 perdens,
573 1890 649 1935 qui
675 1890 817 1924 scilicet
847 1901 926 1935 pro
953 1901 1029 1924 suo
1054 1890 1208 1923 labore
1241 1900 1327 1923 non
1351 1889 1489 1923 habet
1513 1900 1770 1926 remunera·

250 1947 435 1984 tionem.
494 1950 621 1984 Cato:
654 1961 746 1994 quae
776 1950 904 1986 dicunt
930 1949 1158 1994 officiperdi?
1215 1948 1283 1984 Est
1313 1959 1400 1983 sane
1431 1947 1521 1983 Cato
1552 1949 1770 1993 personatus

255 2006 315 2049 IV,
341 2011 385 2041 42
412 2019 448 2051 p.
475 2012 543 2042 316
571 2008 626 2042 ed.
653 2009 797 2042 Arntz.:
821 2010 962 2053 qratior
987 2010 1137 2051 officiis,
1162 2019 1231 2052 quo
1256 2009 1306 2042 sis
1330 2019 1431 2052 maye
1456 2008 1587 2049 carior,
1612 2011 1702 2041 esto:
1726 2020 1770 2042 ne

251 2075 378 2099 nomen
403 2066 531 2101 subeas
562 2067 657 2111 quod
682 2067 818 2102 dieitur
846 2066 1091 2111 ‘officiperdi'.
1148 2066 1233 2101 Non
1262 2065 1381 2111 magis
1406 2076 1630 2111 anonymum
1656 2076 1768 2110 quen—

252 2122 354 2165 dam,
389 2124 452 2166 qui
483 2123 521 2157 in
553 2125 784 2168 praefatione
817 2125 935 2160 Stichi
972 2136 995 2159 a
1027 2126 1066 2159 F.
1099 2125 1301 2159 Ritschelio
1334 2124 1456 2158 editae
1486 2137 1522 2169 p.
1557 2125 1691 2160 XXXb
1722 2126 1769 2160 ad

253 2181 478 2216 Bacchidum
504 2195 537 2217 v.
565 2187 632 2218 889
665 2184 915 2227 confessiorem
945 2183 1106 2218 soricina
1136 2184 1247 2218 ne'm'a
1278 2184 1319 2217 ut
1349 2193 1485 2217 novum
1515 2183 1768 2218 testimonium

250 2240 408 2283 protulit
433 2241 501 2274 hoc
523 2243 775 2286 excerptorum
795 2242 1083 2277 Pithoeanorum
1110 2255 1144 2287 p.
1167 2247 1209 2278 67
1238 2242 1548 2277 additamentum:
1578 2242 1767 2278 ‘murriret

253 2298 432 2341 clamare,
474 2299 628 2334 soricum
668 2300 801 2335 naenia
837 2299 970 2335 Plauto
985 2301 1008 2345 ⁷,
1047 2301 1184 2335 collata
1224 2302 1365 2346 glossae
1403 2302 1503 2346 apud
1545 2301 1766 2351 Vulcanium

252 2370 287 2402 p.
316 2363 395 2402 686,
423 2363 466 2393 42
493 2359 614 2393 forma
639 2361 805 2402 marrire,
832 2361 998 2402 clamare,
1017 2361 1169 2404 proprie
1192 2362 1351 2395 maurium
1377 2371 1518 2406 sequor.

350 2418 375 2463 ¹)
404 2418 636 2463 Quamquam
663 2429 736 2453 non
761 2429 805 2453 ex
829 2418 1010 2453 Vulcanio
1036 2419 1242 2454 Pithoeana
1266 2419 1399 2454 hausta
1424 2421 1519 2456 sunt.

348 2477 373 2521 ²)
400 2476 504 2511 Libri
529 2477 662 2511 titulus
688 2478 760 2511 est:
791 2477 1092 2512 ‘Adversaria
1119 2478 1270 2521 Sacra,
1298 2489 1390 2523 opus
1414 2478 1557 2514 varium
1583 2491 1625 2514 ac
1651 2480 1766 2515 veluti

251 2535 311 2569 sax
339 2535 387 2569 ad
412 2535 532 2569 lucem
559 2546 670 2579 quam
696 2535 898 2570 multorum
923 2535 1089 2570 locorum
1109 2535 1299 2580 utriusque
1324 2537 1573 2580 Instrumenti,
1599 2538 1765 2572 Patrum-

249 2605 320 2638 que
347 2596 384 2629 et
406 2594 633 2639 Scriptorum
659 2605 977 2640 quorumcunque:
1005 2593 1236 2630 Christianae
1256 2595 1492 2639 antiquitatis
1518 2597 1555 2631 613
1580 2607 1766 2632 sacrorum

249 2653 388 2688 rituum
414 2654 632 2698 pancarpia;
657 2653 841 2698 politioris
867 2653 1025 2698 denique
1050 2653 1266 2689 literaturae
1291 2654 1485 2689 thesaurus
1510 2655 1730 2700 multiplex.’

347 2712 373 2757 ³)
400 2712 512 2747 Velut
531 2713 551 2746 b
578 2712 724 2748 litterae
750 2713 893 2758 glossas
921 2713 1074 2758 repetiit
1102 2724 1228 2748 omnes
1253 2715 1399 2758 praeter
1424 2714 1636 2750 lacunosam
1660 2715 1764 2750 illam

247 2770 422 2806 Vulcanii
448 2783 482 2815 p.
511 2775 590 2814 671,
617 2776 661 2806 29
687 2772 763 2815 Brj
765 2800 949 2808 ......
976 2774 1018 2808 de
1043 2773 1200 2816 tesseri83
1234 2773 1378 2818 glossae
1403 2787 1439 2819 p.
1467 2777 1551 2817 671,
1578 2777 1623 2808 22
1657 2774 1765 2808 Basi-

245 2833 334 2867 lides
352 2831 551 2875 palatinus
575 2830 688 2873 home,
714 2831 807 2875 ἀνὴρ
832 2834 898 2875 τῆ(
925 2832 1100 2874 βαειλίδοε
1127 2833 1161 2867 .i.
1189 2833 1231 2867 de
1256 2833 1344 2868 aula
1369 2835 1469 2879 reyia
1494 2834 1608 2868 verba
1633 2844 1766 2877 graeca

246 2890 379 2930 omisit.
