2019 3254
852 135 1144 178 -33-

236 242 612 298 Schurtzfleischii,
644 243 762 284 cuius
795 257 816 284 e
848 241 1102 284 coniecturis
1138 256 1299 296 paucae
1336 256 1424 285 non
1454 242 1757 298 improbabiles

236 316 347 368 sunt,
372 313 415 355 id
441 314 554 369 quod
579 314 625 355 in
644 313 805 354 nullam
831 312 919 354 fere
944 311 1228 353 Barthianam
1254 312 1378 354 cadit.
1420 311 1634 354 Nimirum
1654 312 1756 355 Bar-

237 384 384 426 thiana
409 397 549 424 merae
568 383 875 425 hariolationes
901 384 999 424 sunt
1023 382 1089 424 vel
1112 382 1256 436 potius
1275 383 1462 437 perversi
1481 383 1754 425 alucinantis·

234 469 314 509 que
339 453 526 496 hominis
551 454 702 496 insana
727 453 965 496 conamina.
1015 451 1212 495 Studium
1237 453 1349 496 enim
1374 453 1479 497 illud
1511 454 1755 510 germanica

235 523 442 566 vocabula
487 522 534 563 in
577 523 729 565 Isidori
773 524 926 578 glossis
970 523 1202 577 indagandi
1245 523 1332 564 iam
1377 539 1428 565 ex
1478 524 1753 565 ‘adversariis

234 593 567 637 commentariis'
592 594 861 650 perspicuum
886 593 940 636 ad
960 593 1190 635 amentiam
1216 608 1350 649 usque
1375 593 1442 636 his
1468 594 1514 636 in
1539 593 1751 636 coniectu·

233 665 292 707 ris
323 664 533 720 procedit:
571 665 643 720 qui
674 678 791 706 error
822 663 931 705 sicut
961 677 987 703 a
1023 662 1178 717 prioris
1211 664 1367 705 saeculi
1397 664 1630 720 philologis
1663 679 1751 707 non

228 751 402 791 prorsus
450 735 575 790 afuit,
618 736 679 776 ita
715 749 812 776 cum
848 733 1027 775 Barthio
1066 733 1194 775 etiam
1233 732 1599 778 Schurtzfleischio
1637 751 1752 778 eom-

231 806 371 849 munis
416 808 498 848 est:
543 806 679 861 quode
722 804 831 846 nihil
874 803 983 845 addo
1026 804 1109 844 nisi
1148 805 1342 859 exempla
1383 820 1598 860 perpauca
1633 806 1748 848 haec.

230 876 298 918 Ad
338 889 512 930 aozyrae:
556 877 773 919 intervalla
816 875 1010 917 arborum
1046 875 1110 917 vel
1145 876 1344 918 convalles
1379 891 1420 931 p.
1452 877 1556 931 667,
1586 877 1643 919 44
1682 878 1744 920 ed.

226 945 348 988 Vulc.
379 946 583 989 Barthius
619 962 659 1002 p.
691 946 774 987 257
817 945 996 986 adnotat
1033 944 1179 999 ‘anyer
1216 945 1370 987 dicitur
1402 945 1667 1001 Germanis'3
1703 949 1749 989 in

228 1018 373 1059 arcites
415 1015 599 1071 (arcitesz
649 1017 860 1070 sayittarii
894 1031 934 1070 p.
973 1016 1080 1068 669,
1119 1016 1176 1057 35
1214 1014 1354 1071 Vulc.)
1404 1032 1444 1071 p.
1485 1017 1571 1060 258
1615 1017 1748 1060 latere

224 1088 348 1142 putat
390 1087 656 1142 archischytes
700 1107 753 1122 =
807 1085 1131 1140 εΕνβεοῖνιιεΐβεῆ
1180 1087 1417 1139 arreptitias
1467 1087 1744 1142 (arreptitiust

224 1159 398 1209 ariolus,
433 1154 620 1210 furiosas
656 1173 695 1212 p.
728 1157 831 1210 669,
863 1154 909 1211 3)
941 1155 1101 1197 ibidem
1131 1158 1347 1199 erraticius
1385 1158 1534 1200 scribit
1569 1158 1614 1200 ‘a
1652 1173 1745 1214 ger-

224 1228 391 1270 manico
412 1227 627 1270 errathen?
679 1226 850 1269 Gratias
876 1226 1084 1267 maximas
1112 1225 1343 1268 ‘societatis
1369 1227 1529 1269 latinae
1550 1228 1742 1271 lenensis

222 1297 453 1352 directori',
497 1298 608 1353 quod
646 1300 810 1352 partem
847 1299 1016 1337 tantum
1054 1297 1395 1339 coniecturarum
1434 1299 1568 1341 edidit
1604 1315 1741 1355 neque

220 1370 361 1409 ratum
398 1368 498 1413 fecit
534 1368 646 1423 quod
677 1367 933 1422 promiserat
968 1382 1008 1421 p.
1040 1366 1144 1422 253,
1184 1382 1228 1409 se
1263 1367 1407 1422 ‘plura
1444 1369 1489 1410 in
1520 1372 1740 1423 posterum

220 1438 433 1493 daturum,
477 1439 512 1479 si
555 1438 780 1481 consilium
823 1452 946 1479 suum
990 1437 1142 1478 harum
1185 1438 1426 1480 litterarum
1471 1441 1736 1483 amatoribus

219 1509 333 1550 haud
365 1509 633 1563 displicuisse
666 1507 963 1564 cognovisset?

335 1578 453 1621 Inter
485 1593 556 1621 eos
596 1595 702 1635 quos
741 1579 876 1621 adhuc
916 1579 1257 1620 enumeravimus
1297 1579 1410 1620 viros
1450 1580 1598 1622 doctos
1629 1596 1737 1623 non-

217 1650 319 1691 dum
369 1652 607 1705 comparuit
645 1650 892 1693 Theodorus
936 1649 1239 1692 Ianssonius
1284 1649 1343 1691 ab
1389 1648 1739 1708 Almeloveen,

218 1721 289 1775 qui
332 1723 559 1776 propterea
603 1722 864 1777 singularem
906 1720 1072 1761 obtinet
1102 1720 1260 1774 locum,
1303 1720 1415 1774 quod
1451 1735 1540 1762 non
1594 1723 1730 1764 solum

216 1806 313 1832 suas
347 1792 609 1847 aliorumque
643 1792 906 1833 coniecturas
939 1790 1129 1845 collegit,
1167 1790 1239 1832 sed
1271 1791 1402 1832 etiam
1433 1790 1547 1833 haud
1578 1808 1736 1847 paucas

215 1875 347 1903 novas
398 1862 564 1917 glossas
612 1861 753 1921 edidit.
832 1860 886 1902 In
934 1874 1048 1901 nova
1097 1859 1211 1900 enim
1254 1859 1312 1901 M.
1355 1859 1548 1902 Martinii
1592 1862 1735 1906 Lexici

213 1931 461 1987 philologici
494 1947 588 1974 cum
616 1931 808 1974 ‘Cadmo'
840 1931 913 1973 illo
941 1933 984 1972 et
1014 1930 1223 1986 glossario
1251 1929 1490 1973 Graeviano
1517 1933 1734 1976 coniuncti

214 2002 416 2056 editione,
454 2018 560 2056 quae
598 2002 910 2044 Amstelodami
951 2016 986 2042 a.
1022 2001 1131 2042 1701
1165 2000 1340 2055 prodiit,
1379 2000 1640 2045 Ianssonii
1674 2005 1733 2047 ab

212 2066 539 2113 Almeloveen
567 2072 817 2114 ‘auctarium
844 2072 1084 2127 glossarum
1112 2069 1280 2112 Isidori'
1308 2070 1518 2112 adiectum
1544 2076 1609 2114 est
1634 2074 1733 2116 inde

212 2142 264 2183 ab
285 2142 519 2185 abstemius:
538 2157 710 2197 pareus3
730 2143 936 2185 abstenus:
956 2142 1114 2183 sobrius
1134 2174 1142 2182 .
1163 2173 1172 2182 .
1194 2173 1202 2181 .
1221 2154 1355 2194 usque
1376 2140 1428 2181 ad
1447 2142 1559 2183 vola:
1571 2144 1730 2196 palma,

212 2226 410 2254 manuum
442 2214 595 2255 cavitas
630 2227 733 2266 quae
762 2213 809 2255 in
839 2213 972 2254 media
1001 2225 1129 2253 mana
1159 2214 1232 2261 est,
1270 2211 1376 2252 unde
1405 2212 1608 2267 innolare3
1644 2216 1730 2257 vul-

209 2296 307 2326 nus:
339 2284 455 2325 dolus
484 2284 545 2325 vel
574 2285 709 2326 animi
738 2284 852 2326 dolor
887 2283 1118 2338 pertinens.
1181 2281 1294 2331 Quas
1327 2281 1383 2323 96
1421 2282 1509 2324 fere
1540 2283 1729 2328 Almelo-

209 2354 330 2396 veeni
362 2354 526 2409 glossas
558 2369 610 2396 ex
640 2355 717 2397 Th.
749 2354 1005 2397 Mommseni
1043 2352 1318 2395 adnotatione
1350 2353 1403 2394 ad
1436 2356 1727 2408 quaestionem

208 2423 526 2479 epigraphicam
559 2424 610 2465 de
646 2424 841 2477 flamonio
872 2426 915 2465 et
944 2424 1132 2477 flaminio
1170 2423 1373 2476 scriptam
1405 2424 1449 2464 in
1480 2424 1727 2478 Ephemeri-

208 2496 271 2537 dis
305 2494 603 2550 epigraphicae
635 2497 664 2536 t.
690 2495 710 2536 Ι
741 2510 779 2549 p.
805 2495 891 2536 222
929 2494 1080 2536 rescivi
1105 2493 1295 2547 Hauptio
1333 2493 1468 2534 videri
1499 2494 1543 2535 in
1582 2495 1724 2538 codice

206 2566 403 2609 Leidensi
442 2564 667 2620 Originum
704 2564 859 2607 Isidori
893 2588 943 2593 —
984 2567 1051 2606 est
1089 2565 1231 2605 autem
1269 2562 1506 2605 Vossianus
1544 2563 1722 2608 Latinus

205 2639 296 2682 Fol,
316 2639 383 2692 82,
409 2636 545 2691 quode
570 2635 665 2676 vide
686 2635 872 2691 catalogi
891 2634 1191 2691 Lugdunensis
1217 2648 1252 2675 a.
1277 2633 1388 2675 1716
1415 2634 1517 2675 editi
1542 2650 1582 2690 p.
1602 2636 1722 2679 374a

208 2735 257 2741 —
287 2708 467 2762 scriptas
493 2707 669 2760 exstare,
701 2720 784 2761 quo
816 2705 959 2748 codice
986 2705 1077 2747 sine
1103 2705 1230 2747 dubio
1257 2704 1585 2747 Almeloveenus
1618 2722 1718 2749 usus

205 2781 272 2822 sit.
328 2778 388 2819 At
419 2791 468 2818 ex
495 2790 544 2817 eo
570 2777 681 2817 certe
707 2776 929 2830 glossario,
960 2776 1073 2830 quod
1103 2776 1148 2816 in
1174 2776 1371 2830 catalogo
1403 2776 1429 2816 l.
1456 2791 1487 2817 s.
1514 2792 1545 2818 s.
1577 2779 1720 2831 appel-

201 2853 315 2893 latur
340 2848 523 2903 ‘glossae
554 2860 604 2887 ex
628 2860 740 2888 novo
773 2848 816 2888 et
846 2846 978 2889 veteri
1003 2846 1278 2889 Testamento
1312 2861 1385 2888 seu
1419 2860 1468 2889 ex
1496 2846 1718 2891 ethimolo-

273 2925 397 2956 Lowe,
416 2922 452 2947 de
472 2922 563 2953 gloss.
582 2921 636 2947 lat.
1414 2921 1434 2951 3
