2019 3254
875 107 1167 153 *20*-

258 215 414 258 codicis
446 214 669 258 Leidensis
708 216 808 258 6713
848 233 879 259 s.
910 216 971 258 IX
1014 217 1370 271 permemorabile
1409 214 1686 271 glossarium,
1727 227 1777 255 ex

257 287 422 329 duobus
448 286 643 328 fontibus
668 287 841 329 fluxisse
867 288 1107 342 videantur,
1133 288 1200 329 cui
1226 288 1287 329 rei
1313 286 1653 342 comprobandae
1679 299 1773 327 cum

259 357 329 398 hic
365 358 486 399 locus
524 373 611 399 non
643 359 717 411 sit,
754 358 832 398 has
864 358 969 398 duas
1001 358 1172 412 glossas
1212 373 1261 399 ex
1294 359 1436 399 codice
1473 358 1549 398 illo
1580 357 1777 397 Leidensi

258 426 287 468 f.
318 427 435 470 49Va
466 428 743 483 exscripsisse
774 442 886 469 nunc
918 427 1025 469 satis
1056 427 1214 469 habeo:

438 522 710 574 Quisquilz'as:
765 524 1042 575 puryamenta
1078 522 1125 562 de
1153 522 1457 564 summitatibus
1494 520 1779 573 corticibusque

487 606 706 646 pomorum

376 673 601 717 quisquirias
627 700 633 707 .
663 701 670 708 .
698 702 705 709 .
732 673 965 707 sumit'atibus
991 699 997 706 .
1026 699 1033 706 .
1062 701 1068 707 .
1090 683 1317 716 pommorum
1342 672 1466 707 codeX.

437 756 710 809 Quis-quilius:
772 757 955 798 surculos
1000 757 1179 797 minutos
1220 756 1280 797 vel
1321 755 1465 808 paleas
1508 756 1779 808 cuiuscunque

497 826 713 879 leyuminis

377 907 547 941 surculus
572 906 735 941 minutus
761 933 768 940 .
797 934 803 941 .
832 934 839 941 .
867 907 1055 952 liquminis
1081 907 1205 942 codex.

374 990 454 1031 His
476 991 563 1032 iam
584 991 791 1044 expositis
818 1005 904 1032 non
935 991 1059 1032 video
1086 991 1188 1045 quid
1208 992 1343 1031 restet
1367 990 1453 1031 nisi
1480 993 1527 1031 ut
1547 991 1779 1044 glossario-

258 1075 354 1102 rum
375 1062 533 1116 copiae,
561 1076 668 1116 quae
688 1062 990 1116 perlustrantis
1014 1062 1203 1103 animum
1222 1075 1356 1116 paene
1376 1061 1615 1115 perturbat,
1641 1061 1778 1116 quoad

259 1131 354 1171 fieri
384 1132 523 1184 possit
554 1132 599 1172 in
630 1132 823 1173 ordinem
854 1132 1110 1186 redigendae
1141 1125 1385 1185 periculum'
1411 1130 1630 1172 faciamus.
1686 1131 1777 1179 Quo

258 1199 304 1240 in
331 1213 488 1254 genere
515 1201 588 1255 qui
613 1201 1109 1243 universam'materiam
1135 1202 1179 1242 in
1205 1203 1343 1243 certas
1369 1203 1515 1255 partes
1541 1200 1778 1241 discernere

257 1270 381 1323 velit,
420 1284 516 1310 eum
548 1270 745 1311 inutilem
780 1271 973 1312 laborem
1007 1271 1169 1312 frustra
1206 1271 1290 1311 sibi
1320 1270 1620 1323 impositurum
1661 1273 1778 1323 puto,

257 1339 461 1394 quoniam
487 1340 732 1395 glossarum
763 1341 988 1396 multiplex
1022 1343 1065 1382 et
1095 1341 1318 1383 intricatus
1346 1354 1531 1382 conexus
1568 1340 1661 1381 fieri
1691 1355 1777 1382 non

257 1412 403 1461 potest
430 1410 534 1462 quin
567 1411 656 1450 eius
685 1410 802 1450 modi
829 1413 984 1451 conatu
1013 1410 1256 1451 divellatur.
1305 1409 1456 1450 Nihilo
1477 1412 1624 1449 tamen
1644 1411 1776 1450 setius

230 1493 343 1520 .non
380 1479 500 1520 nulla
539 1479 744 1520 constitui
781 1481 980 1533 possunt,
1019 1494 1126 1533 quae
1157 1494 1246 1520 non
1283 1479 1373 1520 sine
1413 1478 1557 1532 aliqua
1588 1479 1778 1521 utilitate

259 1549 519 1590 memineris.
580 1548 758 1590 Etenim
792 1550 828 1590 si
855 1549 957 1604 quid
982 1549 1123 1603 video,
1155 1548 1385 1603 ‘glossaria
1409 1547 1561 1590 latina’
1593 1549 1675 1590 duo
1702 1549 1778 1590 im-

256 1620 408 1673 primis
437 1635 663 1674 corporum
689 1634 846 1674 genera
867 1620 1075 1674 appellari
1102 1620 1252 1661 solent.
1295 1620 1493 1661 Alterum
1519 1633 1651 1673 genus
1673 1620 1778 1661 illud

261 1692 344 1745 est,
383 1690 497 1745 quod
529 1705 608 1733 usu
640 1690 737 1732 inde
771 1691 823 1732 ab
864 1690 1137 1745 antiquitatis
1168 1690 1433 1745 temporibus
1474 1690 1647 1744 vigente
1679 1689 1777 1731 sim-

260 1761 394 1814 plices
434 1761 757 1815 comprehendit
795 1762 1023 1815 glossas,
1065 1761 1146 1802 hoc
1185 1764 1251 1802 est
1287 1761 1497 1802 vocabula
1534 1760 1698 1814 rariora
1736 1763 1778 1800 et

256 1832 488 1885 propterea
507 1830 793 1885 explicatione
815 1830 988 1884 egentia
1008 1845 1102 1872 cum
1129 1830 1522 1885 interpretamentis
1543 1829 1778 1885 coniuncta,

257 1900 376 1941 cuius
415 1900 533 1941 modi
578 1903 643 1940 est
680 1900 799 1941 velut
837 1900 994 1941 codicis
1026 1900 1246 1941 Leidensis
1280 1901 1379 1941 671³]
1418 1901 1445 1941 f.
1476 1901 1592 1941 43vb
1631 1901 1779 1954 glossa

257 1969 604 2022 obquiniscebaut:
655 1970 911 2011 inclinabant
952 1984 1003 2011 se.
1076 1970 1307 2011 Praeterea
1350 1971 1493 2011 autem
1532 1970 1778 2023 ylossarium

259 2039 468 2081 vocabulo
499 2039 627 2094 paulo
653 2040 751 2094 plus
777 2040 1016 2081 tribuentes
1044 2039 1272 2094 ‘glossaria
1298 2039 1449 2082 latina'
1477 2039 1609 2081 etiam
1636 2039 1779 2094 ampla

257 2110 334 2151 illa
371 2125 552 2165 corpora
589 2110 876 2165 appellamuS,
916 2111 961 2152 in
1000 2126 1107 2165 quae
1150 2113 1361 2166 praeter
1399 2110 1591 2152 multos
1636 2111 1777 2152 locos

259 2196 316 2222 ex
336 2182 494 2223 certis
521 2180 872 2235 scriptoribus
899 2184 1170 2236 excerptos
1198 2182 1329 2224 etiam
1355 2180 1557 2237 ‘glossae'
1583 2184 1777 2236 receptae

258 2254 373 2293 sunt:
424 2252 542 2293 cuius
582 2251 753 2306 quidem
798 2251 965 2304 generis
1010 2251 1397 2293 luculentissimum
1435 2252 1675 2306 exemplum
1714 2255 1779 2293 est

259 2322 389 2363 eliber
420 2323 493 2363 ille
532 2320 809 2377 glossarum',
841 2336 891 2362 ex
925 2336 1007 2375 quo
1040 2321 1218 2376 Papiae,
1257 2321 1557 2377 ‘Salomonis',
1595 2323 1778 2365 aliorum

260 2392 474 2446 glossaria
506 2392 699 2433 derivata
727 2394 838 2444 sunt,
869 2391 944 2431 ubi
969 2393 1139 2444 praeter
1164 2391 1341 2445 Placidi,
1365 2392 1590 2446 Eutychis,
1622 2407 1778 2447 anony-

260 2478 428 2504 morum
460 2463 629 2516 glossas
663 2462 794 2504 etiam
832 2462 968 2503 multa
1009 2462 1156 2503 insunt
1185 2477 1322 2516 neque
1354 2477 1405 2503 ea
1440 2463 1561 2515 parvi
1593 2463 1777 2504 ambitus

260 2547 312 2573 ex
338 2532 599 2587 Augustino,
625 2532 869 2586 Ambrosio,
901 2531 1080 2586 Isidoro,
1107 2531 1215 2585 aliis,
1248 2534 1294 2572 ut
1318 2531 1491 2572 notulae
1517 2532 1779 2587 marginales

260 2603 463 2656 indicant,
491 2606 699 2657 excerpta.
749 2603 899 2658 Neque
926 2605 1072 2644 tamen
1098 2602 1243 2644 omnia
1273 2601 1398 2643 huius
1424 2603 1592 2656 generis
1619 2603 1779 2658 glossa-

258 2675 325 2715 ria
356 2677 448 2715 tam
480 2673 654 2727 capacia
691 2676 806 2728 sunt,
844 2688 939 2715 eum
972 2674 1105 2716 etiam
1137 2672 1305 2727 glossas
1336 2672 1530 2714 Petronii
1570 2688 1676 2728 quae
1707 2689 1777 2716 vo-

258 2748 411 2786 cantur
442 2744 686 2798 similiaque
719 2748 918 2798 excerpta
958 2760 1033 2786 suo
1066 2745 1157 2785 iure
1196 2743 1406 2797 quispiam
1438 2744 1520 2785 huc
1551 2745 1779 2786 rettulerit.

257 2816 351 2859 Hoc
384 2830 537 2871 genus,
570 2815 644 2856 ubi
677 2816 891 2870 glossaria
922 2816 1059 2857 latina
1090 2815 1482 2871 perlustrabuntiu·,
1516 2815 1652 2857 altero
1684 2815 1778 2858 loco
