2019 3254
871 162 1158 204 „35-

397 267 545 303 Pellax:
571 267 687 302 fallax
1016 265 1019 369 ι
1217 267 1364 302 Pellax:
1390 267 1505 302 fallax

397 326 586 361 Pellexor=
611 337 806 371 persuasor
1218 326 1390 361 Pelexor:
1416 337 1612 371 persuasor

256 397 291 430 p.
320 389 369 419 la
393 384 622 420 Indolentia=
647 384 886 430 ingeniositas
1016 370 1070 431 lp.
1101 384 1191 419 145²
1215 384 1442 419 Indolentia=
1468 384 1710 429 ingeniositas

216 469 233 484 ..
256 456 292 489 p.
321 444 373 478 lb
397 442 667 480 Inextricabilis
692 453 810 480 error:
837 443 995 489 labyrin—
1023 450 1069 490 'p.
1099 447 1187 479 129²
1211 443 1480 478 Inextricabilis
1517 453 1636 478 error:
1675 444 1780 489 laby-

467 503 554 538 thus
1270 503 1416 537 rinthus

398 562 483 597 Iura
507 562 668 598 dabunt:
693 562 929 607 imperabunt
1035 575 1069 608 p.
1098 562 1166 598 18²
1214 563 1300 597 Iura
1325 562 1487 597 dabunt:
1514 561 1752 606 imperabunt

398 620 547 656 Latiae:
579 621 783 656 munditiae
815 622 892 666 (leq.
920 621 996 655 lau·
1035 633 1069 666 p.
1097 625 1163 656 547
1214 621 1365 655 Latiae:
1421 620 1624 655 munditiae
1674 622 1780 664 (forte

467 681 557 725 tiae)
1269 680 1421 724 lauriae)

259 751 327 795 Sic
347 768 397 794 ex
422 754 478 795 96
498 752 791 795 Almeloveeni
820 752 975 807 glossis
995 753 1051 794 46
1072 752 1157 793 fere
1179 752 1290 807 apud
1312 752 1571 794 Savaronem
1591 753 1776 806 reperies

257 823 365 865 nihil
390 826 587 866 mutatas.
631 823 698 865 Ex
723 825 903 877 utroque
928 822 1059 876 fonte,
1086 822 1259 863 adscitis
1286 823 1413 863 etiam
1441 823 1500 863 eis
1527 837 1633 877 quae
1660 822 1709 863 de
1736 824 1777 863 la

258 894 393 936 Gerda
431 910 480 936 ex
511 895 786 935 Pithoeorum
819 893 973 948 glossis
1005 893 1200 946 protulit,
1238 893 1352 933 illius
1384 894 1581 947 glossarii
1611 893 1775 933 indoles

257 966 457 1021 cognosci
488 966 640 1020 potest.
682 987 732 992 —
769 961 966 1005 Ceterum
995 962 1288 1004 ‘Auctarium'
1322 965 1523 1004 secuntur
1558 978 1598 1017 p.
1630 964 1774 1004 2—13

259 1035 508 1079 ‘Variorum
543 1038 548 1088 Ι
582 1034 794 1076 Theodori
824 1034 1036 1076 Ianssonii
1070 1034 1123 1075 ab
1155 1032 1434 1075 Almeloveen
1461 1036 1468 1085 Ι
1495 1033 1540 1074 in
1580 1036 1585 1085 Ι
1623 1033 1777 1093 Isidori

258 1107 521 1148 Glossarium
549 1105 554 1159 Ι
583 1104 881 1157 Collectanea',
908 1105 1051 1146 sedule
1072 1119 1120 1145 ea
1147 1104 1218 1145 sed
1246 1104 1336 1145 sine
1362 1105 1542 1146 consilio
1562 1105 1778 1159 congesta.

373 1175 535 1231 Restat,
567 1176 614 1217 ut
645 1174 695 1216 de
726 1175 786 1217 eis
819 1189 926 1231 quae
957 1176 1105 1216 nostro
1138 1174 1307 1216 demum
1340 1174 1508 1217 saeculo
1541 1175 1592 1217 de
1617 1174 1771 1217 Isidori

258 1247 413 1301 glossis
441 1247 599 1300 scripta
626 1249 726 1287 sunt
750 1261 885 1300 pauca
916 1235 1133 1287 addamus.
1189 1245 1436 1287 Novissima
1469 1247 1660 1288 omnium
1692 1247 1777 1286 edi-

256 1318 422 1360 tionum
460 1342 507 1347 —
551 1304 648 1359 nisi⁴
673 1317 774 1373 quid
812 1332 879 1359 me
917 1317 1031 1373 fugit
1071 1316 1182 1371 apud
1221 1318 1386 1358 exteras
1425 1319 1575 1373 gentes
1614 1316 1772 1358 editum

261 1412 309 1417 —
343 1388 541 1428 Faustini
572 1388 780 1428 Arevali
812 1390 893 1441 est,
925 1388 997 1441 qui
1028 1387 1182 1428 Isidori
1214 1402 1392 1440 operum
1422 1390 1541 1428 tomo
1574 1387 1659 1428 VII
1691 1388 1773 1427 Ro—

257 1473 351 1500 mae
384 1473 420 1500 a.
449 1458 560 1500 1803
593 1457 705 1500 edito
730 1460 778 1500 ut
804 1457 1080 1513 appendicem
1105 1456 1251 1500 XXIV
1276 1472 1316 1512 p.
1341 1458 1575 1500 443-493
1603 1457 1774 1500 ‘librum

257 1528 496 1584 glossarum
534 1542 583 1569 ex
620 1528 749 1569 variis
787 1529 1007 1584 glossariis
1045 1542 1152 1583 quae
1192 1528 1269 1569 sub
1300 1528 1454 1569 Isidori
1490 1528 1664 1569 nomine
1697 1528 1773 1568 cir-

242 1592 548 1646 cumferuntur
579 1599 825 1641 collectum’
865 1600 1043 1641 subiecit
1073 1601 1116 1640 et
1147 1599 1197 1640 de
1230 1598 1424 1641 ‘Isidori'
1457 1599 1611 1654 glossis
1642 1598 1774 1640 Isido-

256 1669 474 1711 rianorum
528 1671 645 1711 tomo
704 1669 844 1724 primo
899 1669 1156 1711 insertorum
1212 1669 1424 1724 capitibus
1481 1669 1665 1711 57—59
1717 1688 1772 1702 =

255 1755 296 1794 p.
327 1741 576 1783 466—482
601 1741 712 1796 egit.
778 1740 989 1784 Arevalus
1034 1741 1249 1796 ceteroqui
1288 1740 1466 1783 Semleri
1509 1743 1561 1783 et
1595 1741 1773 1782 aliorum

257 1811 602 1853 adnotationibus
628 1811 746 1852 nisus
771 1811 861 1865 ipse
880 1826 969 1853 non
993 1811 1112 1853 nulla
1136 1811 1244 1853 bene
1271 1811 1496 1866 expedivit,
1517 1825 1774 1866 quamquam

256 1881 301 1922 in
326 1881 570 1922 universum
595 1880 718 1921 laude
744 1881 897 1935 dignus
923 1896 1010 1923 non
1037 1885 1112 1935 est,
1138 1883 1238 1937 quia
1263 1882 1352 1923 eius
1378 1882 1507 1924 editio
1534 1883 1774 1936 glossarum

255 1951 436 1993 formam
456 1951 554 1993 inde
580 1967 604 1993 a
631 1950 895 1994 Gothofredo
921 1952 1180 1994 tralaticiam
1201 1953 1406 1995 exhibens
1430 1953 1599 1994 infirmo
1624 1951 1774 1993 funda-

256 2025 399 2063 mento
444 2023 607 2063 nititur.
673 2022 964 2063 Emendandis
1008 2025 1150 2064 autem
1194 2026 1237 2065 et
1278 2023 1544 2064 illustrandis
1590 2021 1774 2063 ‘Isidori'

256 2092 411 2148 glossis
438 2092 520 2134 duo
546 2092 625 2134 viri
651 2107 823 2148 operam
850 2095 1075 2148 navarunt‚
1101 2094 1173 2149 qui
1199 2094 1249 2136 de
1277 2094 1428 2136 studiis
1455 2091 1772 2148 glossographi-

256 2164 315 2205 cis
341 2164 447 2205 bene
472 2163 611 2205 meriti
638 2166 748 2218 sunt,
779 2164 1052 2207 Franciscum
1080 2164 1352 2209 Oehlerum
1383 2168 1426 2207 et
1452 2164 1499 2207 G.
1526 2164 1572 2206 F.
1597 2162 1772 2205 Hilde—

255 2234 498 2275 brandum
532 2234 638 2276 dico.
686 2234 765 2278 lue
797 2235 910 2276 enim
940 2234 1162 2278 Novorum
1193 2235 1427 2278 Annalium
1458 2238 1574 2278 tomo
1608 2234 1773 2288 supple-

255 2303 465 2346 mentario
509 2303 614 2346 XIII
659 2302 781 2361 (anni
829 2305 961 2363 1847)
1006 2306 1348 2349 dissertationem
1392 2306 1498 2349 ‘Zur
1540 2306 1775 2348 Litteratur

256 2375 329 2416 der
360 2373 564 2440 Glossen'
602 2375 852 2430 inscriptam
884 2392 923 2431 p.
955 2378 1198 2419 230—297
1233 2380 1276 2418 et
1307 2378 1550 2419 325—387
1583 2375 1775 2427 inseruit,

255 2445 374 2487 cuius
405 2442 543 2499 p’rima
574 2448 695 2498 parte
722 2444 779 2501 (p.
806 2446 1058 2504 230÷250)
1090 2447 1324 2502 scripturae
1356 2462 1406 2488 ex
1438 2446 1595 2489 ‘codice
1620 2444 1774 2487 Isidori

207 2542 209 2544 -
255 2515 497 2569 glossarum
533 2516 765 2558 Vossiano'
811 2518 1085 2572 depromptae
1125 2520 1168 2559 et
1205 2518 1373 2559 Oehleri
1416 2518 1682 2559 coniecturae
1721 2514 1774 2555 ad

253 2601 281 2627 a
307 2611 360 2615 —
384 2600 412 2640 9
445 2585 610 2627 litteras
643 2589 883 2641 spectantes
915 2590 982 2630 sat
1013 2589 1172 2630 multae
1204 2589 1493 2650 continentur.
1540 2587 1592 2629 In
1622 2585 1774 2627 biblio-

253 2657 378 2699 theca
427 2656 538 2698 enim
578 2655 791 2711 Lipsiensi
835 2659 1050 2701 senatoria
1092 2659 1298 2701 Thesauri
1334 2658 1592 2702 Vulcaniani
1635 2671 1772 2698 exem-

188 2753 190 2755 >
253 2725 412 2781 plum¹)
445 2729 601 2780 exstat,
640 2728 743 2770 olim
775 2730 827 2770 ab
860 2731 953 2784 ipso
985 2730 1199 2772 Vulcanio
1230 2730 1402 2772 Danieli
1432 2730 1611 2771 Heinsio
1643 2729 1771 2771 dona-

353 2831 378 2875 ¹)
406 2829 582 2875 Signatur
600 2830 822 2868 LXXXVIII
849 2833 954 2881 [Rep.
980 2834 996 2868 I
1020 2833 1082 2869 fol.
1104 2834 1184 2881 33]:
1211 2833 1294 2870 vide
1315 2833 1475 2879 catalogi
1496 2831 1773 2868 Naumanniani

252 2901 288 2937 p.
316 2890 403 2926 26b.
572 2903 579 2908 ·
