2019 3254
856 174 1147 215 „21—

244 282 515 337 tractabitur,
546 282 681 324 altero
711 281 879 337 glossae
911 293 1019 334 quae
1049 279 1220 333 proprie
1247 279 1307 321 sic
1333 279 1615 334 appellantur.
1665 282 1758 326 Iam

244 353 480 408 quaeritur,
511 367 615 408 quas
647 352 693 393 in
722 352 869 406 partes
894 349 1006 391 *haec
1036 349 1154 404 ipsae
1191 348 1483 392 discribendae
1521 352 1757 396 videantur.

242 423 307 465 Ac
344 424 425 465 duo
462 424 731 478 potissimum
767 422 982 463 dividendi
1020 420 1136 461 modi
1179 422 1296 474 sunt,
1341 435 1521 474 quorum
1558 423 1667 464 alter
1704 427 1757 466 ad

241 493 470 549 linguam
495 495 672 550 spectat,
697 493 750 536 ad
769 492 1036 535 materiam
1062 490 1149 533 sive
1170 489 1398 532 ordinem
1424 490 1544 534 alter.
1580 493 1756 538 Etenim

240 579 327 606 non
369 580 515 607 omnes
560 565 727 619 glossae
768 579 872 618 quas
921 563 1078 605 latinas
1123 562 1388 616 appellamus
1433 578 1548 604 mere
1592 564 1754 608 latinae

241 637 351 677 sunt.
411 634 562 690 Itaque
606 635 719 690 quod
756 634 810 676 ad
843 634 1001 677 lemma
1038 635 1081 675 et
1118 633 1545 688 interpretamentum
1582 634 1753 691 glossae

241 706 414 747 attinet:

299 778 372 817 aut
404 778 630 829 utrumque
655 775 837 816 latinum
863 777 945 816 est:
978 774 1189 829 glossaria
1213 789 1349 816 mere
1379 775 1604 832 latinal),
1634 778 1752 820 velut

404 860 512 901 quae
563 845 640 887 sub
685 844 840 886 Isidori
888 843 1058 886 nomine
1108 843 1319 899 feruntur,
1368 843 1532 887 Placidi
1572 847 1751 903 glossae,

404 917 514 970 sim.3

297 990 371 1030 aut
401 988 557 1029 lemma
581 987 762 1029 latinum
789 989 866 1041 est,
892 986 1322 1041 interpretamentum
1343 999 1561 1041 graecum:
1587 988 1751 1043 glossa-

401 1058 466 1099 ria
497 1058 661 1099 latino
672 1070 871 1111 graeca,
903 1057 1022 1099 cuius
1056 1058 1222 1111 generis
1253 1072 1356 1111 prae
1383 1057 1536 1099 ceteris
1563 1058 1752 1100 eminent

402 1129 602 1184 egregiae
622 1128 720 1170 illae
735 1129 917 1183 glossae,
937 1143 1045 1183 quae
1059 1127 1295 1170 Philoxeno
1315 1128 1425 1171 falso
1440 1128 1750 1183 inscribuntur3

295 1202 368 1241 aut
399 1201 556 1240 lemma
580 1212 780 1253 graecum
812 1201 888 1253 est,
919 1199 1102 1240 latinum
1129 1200 1272 1239 autem
1298 1199 1750 1253 interpretamentum:

400 1269 608 1324 glossaria
654 1268 1027 1323 graecolatina,
1075 1268 1193 1310 velut
1232 1266 1387 1323 Cyrilli
1425 1268 1536 1324 quod
1572 1271 1749 1310 vocatur

399 1340 667 1394 glossarium,
698 1339 988 1394 fragmentum
1019 1337 1285 1392 Coloniense,
1318 1340 1410 1381 sim.

352 1423 447 1464 Huc
477 1422 694 1476 pertinent
732 1421 864 1463 etiam
901 1421 1302 1476 latinogermanica,
1338 1421 1649 1476 latinogallica,
1685 1421 1746 1463 la-

232 1492 484 1546 tinoitalica,
514 1491 651 1532 multa
681 1491 724 1532 id
751 1503 884 1545 genus
916 1491 1138 1545 glossaria,
1176 1505 1357 1545 quorum
1388 1494 1534 1533 tamen
1563 1506 1652 1533 non
1683 1492 1746 1532 ita

234 1577 359 1617 saepe
390 1563 602 1604 rationem
626 1561 894 1603 habebimus
948 1560 1123 1602 Etenim
1153 1561 1386 1602 maximam
1406 1576 1553 1603 eorum
1577 1565 1746 1616 partem

231 1633 344 1675 haud
364 1633 537 1675 difficile
563 1631 850 1674 demonstrari
875 1634 1020 1686 potest
1046 1646 1096 1673 ex
1122 1631 1277 1686 glossis
1296 1646 1411 1673 mere
1437 1632 1583 1674 latinis
1608 1632 1745 1674 factas

231 1719 322 1745 esse
353 1703 779 1758 latinogermanieas,
808 1693 1147 1756 latinogallicas‚
1179 1702 1244 1756 al.,
1276 1703 1669 1757 interpretamentis
1701 1703 1746 1743 in

231 1774 560 1828 Germanorum,
596 1772 992 1827 Francogallorum,
1034 1771 1243 1814 Italorum
1281 1772 1334 1814 al.
1373 1787 1613 1816 sermonem
1650 1788 1745 1816 con-

230 1845 376 1886 versis.
442 1844 535 1885 Iam
566 1858 662 1885 cum
693 1844 810 1897 ipsae
842 1843 940 1884 illae
973 1843 1162 1897 glossae,
1198 1843 1308 1883 unde
1340 1857 1474 1884 novae
1506 1844 1742 1885 translatae

230 1917 341 1969 sunt,
372 1915 460 1956 fere
487 1929 653 1968 semper
685 1916 864 1968 exstent,
894 1914 1004 1955 nihil
1035 1914 1124 1955 fere
1149 1913 1312 1956 habent
1338 1913 1390 1955 ad
1424 1914 1567 1956 studia
1592 1917 1743 1957 nostra

228 1985 443 2027 utilitatis.
516 1983 693 2025 Accedit
736 1983 850 2037 quod
893 1983 1134 2038 glossarum
1170 1983 1353 2024 maxime
1393 1984 1743 2039 latinogermani-

229 2070 374 2096 carum
405 2055 528 2107 larga
559 2053 682 2107 copia
706 2067 793 2093 non
818 2067 840 2093 e
873 2053 1109 2107 glossariis,
1142 2054 1216 2094 sed
1242 2068 1263 2094 e
1289 2054 1506 2095 codicibus
1539 2054 1743 2108 glossatis

227 2126 478 2179 deprompta
510 2126 587 2177 est,
619 2138 726 2178 quae
757 2137 844 2165 non
875 2123 926 2164 ad
956 2125 1152 2165 nostrum
1184 2138 1350 2178 munus,
1382 2124 1455 2166 sed
1488 2124 1541 2165 ad
1571 2124 1741 2167 illorum

228 2196 484 2250 scriptorum
509 2194 638 2246 κρίειν
663 2196 707 2235 et
732 2194 922 2246 ἐξήγηειν
949 2196 1156 2248 spectant.
1204 2194 1353 2250 Neque
1385 2198 1530 2237 tamen
1554 2195 1741 2250 neglexi-

226 2282 319 2308 mus
356 2266 465 2307 hanc
503 2265 812 2319 glossariorum
848 2267 1037 2319 partem,
1087 2264 1137 2307 de
1181 2280 1264 2319 qua
1308 2266 1509 2320 quoniam
1545 2266 1739 2321 pluribus

226 2351 353 2392 agere
389 2335 605 2389 nolumus,
642 2349 779 2389 pauca
815 2334 899 2377 huc
940 2335 1179 2390 spectantia
1208 2350 1319 2378 nunc
1356 2336 1626 2391 proferimus.
1693 2337 1739 2379 Si

226 2408 320 2462 quis
354 2409 496 2448 autem
527 2401 773 2459 germanica
811 2406 1023 2460 glossaria
1054 2408 1097 2447 et
1138 2406 1279 2447 studia
1312 2407 1364 2447 ad
1396 2421 1446 2448 ea
1475 2408 1739 2460 pertinentia

224 2493 308 2520 uno
341 2475 463 2533 quasi
488 2476 643 2518 obtutu
666 2475 929 2530 perlustrare
960 2476 1158 2532 voluerit,
1189 2476 1229 2518 ei
1261 2476 1604 2518 commendamus
1630 2492 1739 2533 quae

222 2549 254 2589 Ι.
299 2548 510 2589 Zacherus
553 2547 598 2587 in
640 2546 811 2587 Erschii
855 2550 898 2586 et
935 2546 1121 2588 Gruberi
1162 2547 1531 2601 Encyclopaediae
1574 2548 1737 2602 primae

224 2618 426 2660 sectionis
459 2618 580 2672 parte
613 2616 930 2671 septuagesima
959 2616 1132 2671 Lipsiae
1164 2631 1200 2658 a.
1236 2617 1348 2659 1860
1380 2616 1494 2659 edita
1526 2618 1604 2660 sub
1636 2618 1737 2660 lem-

223 2691 336 2730 mate
369 2688 568 2730 ‘Grlossen
599 2685 1012 2744 (althochdeutsche'
1043 2702 1082 2728 u.
1114 2702 1145 2728 s.
1172 2686 1240 2742 w.)
1272 2702 1312 2742 p.
1343 2688 1577 2731 213—218
1611 2689 1735 2731 colle-

223 2761 300 2815 git,
333 2759 487 2816 quibus
519 2773 619 2801 sane
647 2758 849 2813 addenda,
882 2772 989 2814 quae
1015 2760 1168 2813 postea
1199 2758 1244 2800 in
1272 2758 1434 2801 diurnis
1459 2758 1734 2814 philologieis

319 2886 344 2931 1)
371 2886 560 2921 Glossaria
588 2886 852 2924 ‘latinolatina’
881 2897 1016 2922 novare
1041 2898 1116 2923 non
1140 2886 1268 2922 audeo.
