2019 3254
864 169 1152 229 -‚25-

249 284 395 312 omnes
428 270 678 315 Gothofredi
715 272 899 328 vestigia
930 270 1053 314 anxie'
1084 273 1305 328 pressisse,
1335 274 1524 316 laborem
1555 274 1759 330 glossarii

247 341 402 383 iterum
433 344 714 386 concinnandi
744 344 812 385 vel
838 345 950 385 certe
983 343 1035 385 ad
1065 358 1259 385 normam
1286 343 1581 386 Vulcanianae
1612 345 1760 386 editio-

247 413 313 455 nis
340 414 591 457 emendandi
622 415 846 472 fugientes.
877 413 1144 457 ——‘Adiecta
1175 415 1276 456 sunt
1312 415 1423 470 apud
1451 415 1759 458 Gothofredum

247 484 522 540 ‘Excerpta
546 485 711 540 Pytho
724 501 848 527 eana
873 500 923 526 ex
949 486 1162 527 veteribus
1183 485 1366 540 glossis',
1394 485 1758 539 ‘Isidori’ssglossa-

244 569 339 597 rum
375 557 594 610 tamquam
624 556 733 597 lacte
764 555 886 597 lactis
926 555 1100 610 similia,
1137 555 1235 597 inde
1273 570 1298 596 a
1328 570 1368 610 p.
1401 556 1457 598 33
1492 556 1760 609 ‘Auctomtim

243 627 439 668 venditio:
476 639 576 666 nam
611 626 684 667 sub
719 627 1035 667 auctorationem
1070 628 1168 666 sunt
1198 625 1446 678 yladiatores
1482 628 1555 680 qui
1589 641 1630 669 se
1665 641 1755 668 ven-

243 696 361 748 demi,
392 694 574 748 Acieres,
599 708 727 747 yemis
757 696 922 751 securi33
959 695 1254 749 Adtibernalis,
1285 697 1444 738 vicinus
1475 731 1483 739 .
1515 730 1524 739 .
1557 696 1588 739 .'
1620 706 1755 752 usque

244 765 297 806 ad
328 780 368 819 p.
400 762 499 819 801)
538 763 550 782 ‘
567 764 788 806 Vascillum
824 780 895 807 vas
924 780 1103 819 parvum
1133 766 1372 808 Macrobius
1410 767 1588 810 ‘soluens
1623 769 1757 809 radiis

242 836 289 877 in
324 849 433 889 aqua
468 825 698 877 subiectum>
721 835 901 878 vascilli'
948 836 1058 878 Glos.
1094 836 1340 891 vascilliitm3
1386 831 1562 893 Vetulia,
1592 852 1755 891 paruae

239 906 375 958 fabata
414 905 549 956 Viria,
580 906 723 947 viriale
753 905 981 948 brachialc'.
1047 905 1306 960 Diligentius
1338 909 1481 948 autem
1511 907 1755 962 inquirenti,

242 976 354 1030 quod
385 976 708 1019 necessitudinis
739 977 956 1019 vinculum
987 977 1099 1018 inter
1129 976 1331 1018 Vulcanii
1368 978 1533 1031 glossas
1565 979 1606 1018 et
1644 978 1751 1018 haec

215 1045 470 1101 “excerpta’
502 1047 793 1099 intercederet,
824 1047 990 1090 collatis
1022 1047 1133 1089 inter
1164 1061 1208 1088 se
1241 1046 1421 1101 singulis
1453 1047 1566 1102 apud
1591 1049 1753 1088 utrum-

241 1132 321 1171 que
353 1118 508 1172 glossis
539 1118 644 1159 mihi
674 1118 889 1172 apparuit:

307 1211 349 1267 1)
381 1212 508 1267 longe
540 1212 743 1254 maiorem
770 1212 1008 1267 glossarum
1032 1209 1363 1262 Pithoeanarum
1395 1213 1560 1266 partem
1586 1215 1751 1255 mutato

386 1282 543 1337 ordine,
575 1283 730 1324 additis
756 1281 901 1322 multis
928 1281 1071 1334 eisque
1103 1294 1228 1334 saepe
1255 1281 1467 1335 corruptis
1494 1282 1749 1325 coniecturis

383 1354 426 1394 et
462 1351 634 1408 notis2),
674 1352 812 1406 ipsam
855 1350 1055 1392 miserum
1092 1350 1137 1392 in
1180 1351 1352 1392 modum
1397 1354 1659 1408 corruptam,
1698 1369 1749 1396 ex

333 1539 358 1583 ¹)
385 1539 440 1574 Ne
472 1539 531 1574 cni
561 1539 695 1574 mirum
724 1538 912 1581 videatur,
951 1549 1014 1572 cur
1043 1537 1186 1582 glossae
1218 1549 1237 1572 e
1269 1536 1450 1572 Vulcanio
1490 1538 1671 1583 repetitae
1704 1545 1748 1575 33

233 1596 380 1642 paginis
405 1598 464 1632 vel
489 1598 612 1642 potius
639 1596 849 1632 ‘columnis’
878 1595 1146 1638 contineantur,
1173 1594 1373 1638 ‘Excerpta
1394 1594 1623 1639 Pythoeana'
1653 1610 1748 1642 quae

234 1655 477 1700 pauciores
503 1657 645 1701 glossas
671 1655 871 1691 exhibeant
896 1658 952 1698 44,
979 1653 1342 1689 commemorandum
1367 1653 1514 1689 videtur
1539 1657 1624 1699 post
1646 1668 1682 1701 p.
1703 1662 1749 1692 34

233 1714 360 1749 statim
383 1715 569 1750 numerari
594 1718 649 1749 51.
677 1719 731 1749 52.
758 1717 814 1748 53.
843 1741 849 1748 .
878 1741 886 1748 .

330 1772 359 1817 2)
387 1773 488 1808 Haec
519 1785 576 1809 res
607 1785 739 1818 parum
763 1773 958 1818 perspecta
987 1771 1114 1807 multis
1143 1771 1270 1806 fraudi
1301 1771 1388 1815 fuit,
1420 1772 1523 1807 velut
1552 1772 1747 1810 Francisco

234 1830 408 1874 Oehlero,
447 1831 512 1875 qui
547 1832 585 1866 in
617 1832 807 1866 Novorum
838 1830 1039 1866 Annalium
1070 1832 1097 1865 t.
1133 1830 1253 1875 suppl.
1279 1831 1367 1864 XIII
1399 1831 1443 1874 (a.
1479 1833 1583 1875 1847)
1616 1844 1651 1875 p.
1679 1837 1745 1867 232

231 1889 278 1924 ad
307 1888 480 1925 ‘Isidori’
508 1889 671 1934 glossam
696 1901 731 1935 p.
759 1893 843 1934 667,
877 1893 920 1924 59
953 1889 1009 1924 ed.
1040 1889 1146 1925 Vulc.
1181 1888 1274 1924 haec
1313 1887 1485 1923 adnotat:
1520 1888 1595 1924 ‘fiir
1625 1894 1748 1934 annet,

229 1948 345 1993 fulget
367 1947 417 1983 ist
442 1949 627 1983 entweder
646 1949 807 1991 annidet,
831 1949 945 1993 fulget
969 1947 1039 1982 mit
1063 1948 1133 1982 den
1158 1948 1363 1992 Excerpt.
1383 1947 1412 1982 P
1421 1947 1499 1982 ith.
1527 1948 1615 1983 oder
1640 1950 1747 1993 albet,

228 2006 342 2051 fulget
366 2016 430 2040 aus
456 2006 594 2041 andern
619 2005 774 2042 Glossen
808 2018 853 2041 zu
884 2006 1011 2042 lesen.'
1068 2005 1217 2041 Pithoei
1244 2005 1457 2051 ‘excerpta’
1484 2019 1519 2052 p.
1547 2011 1589 2042 51
1623 2013 1747 2052 annet,

230 2067 360 2111 fulqet,
392 2066 532 2100 annitet
563 2065 752 2109 exhibent,
784 2066 848 2101 ubi
879 2067 1020 2101 anniiet
1049 2077 1188 2100 meram
1220 2065 1472 2100 coniecturam
1497 2077 1574 2102 esse
1605 2079 1672 2112 pro
1700 2080 1742 2103 eo

229 2123 326 2169 quod
351 2125 409 2158 est
433 2126 543 2157 annet
569 2122 786 2166 Oehlerum,
819 2124 883 2168 qui
915 2135 960 2158 ea
990 2125 1032 2158 ut
1062 2123 1166 2158 varia
1197 2124 1379 2168 scriptura
1409 2136 1495 2159 usus
1527 2126 1599 2169 est,
1634 2125 1744 2171 fugit.

230 2185 271 2217 In
302 2181 457 2217 eundem
496 2192 655 2216 errorem
685 2182 908 2226 aliquotiens
939 2182 1116 2218 Graevius
1153 2182 1301 2226 incidit,
1337 2193 1447 2227 quem
1484 2183 1522 2217 in
1559 2185 1657 2219 notis
1696 2186 1743 2219 ad

231 2239 391 2275 ‘Isidori'
420 2240 638 2285 glossarium
664 2240 811 2285 scriptis
839 2241 1099 2276 ‘correctiones
1117 2241 1263 2275 Pithoei
1288 2253 1354 2285 pro
1373 2241 1543 2276 lectionis
1562 2243 1744 2278 varietate

228 2299 365 2334 habere
392 2299 429 2333 et
460 2298 642 2334 adducere
668 2299 805 2335 solere’
839 2300 914 2335 iam
941 2300 1126 2336 Semlerus
1156 2300 1237 2336 loco
1272 2311 1381 2345 quem
1414 2300 1541 2336 statim
1566 2301 1745 2337 indicabi-

226 2368 306 2391 mus
337 2369 372 2402 p.
408 2361 475 2393 718
513 2369 579 2393 suo
616 2358 695 2393 iure
733 2359 885 2394 monuit.
947 2360 1075 2405 Neque
1115 2359 1233 2395 facere
1270 2371 1421 2404 possum
1459 2370 1543 2393 cum
1580 2360 1744 2394 Luciano

225 2414 403 2451 Muellero
439 2416 693 2451 commentarii
727 2416 909 2453 Luciliani
939 2430 974 2463 p.
1002 2421 1087 2463 275,
1126 2417 1191 2463 qui
1219 2418 1338 2453 bonae
1370 2419 1480 2453 notae
1512 2418 1672 2463 glossam
1703 2418 1741 2452 in

225 2473 281 2508 his
309 2476 492 2520 excerptis
517 2475 713 2521 indagasse
739 2475 809 2511 sibi
840 2476 939 2511 visus
965 2478 1038 2512 est:
1073 2477 1131 2511 ‘in
1157 2476 1338 2520 excerptis
1368 2476 1515 2511 Pithoei
1545 2477 1641 2521 quod
1672 2477 1737 2511 tri-

223 2531 350 2568 buitur
373 2545 409 2578 p.
438 2537 481 2568 70
511 2534 665 2568 verbum
697 2534 900 2579 officiperdi
926 2534 1090 2579 Catullo,
1121 2535 1159 2570 id
1190 2536 1268 2569 aut
1298 2534 1350 2569 ad
1382 2528 1738 2580 mimographum

224 2590 454 2627 Catullum
478 2592 761 2628 referendum
788 2594 853 2628 aut
877 2593 1000 2638 potius
1025 2594 1072 2629 ad
1093 2594 1282 2639 Catonem,
1308 2593 1372 2638 qui
1397 2593 1558 2628 disticha
1581 2594 1739 2629 moralia

223 2650 397 2695 scripsit.'
449 2652 499 2686 At
523 2662 569 2686 ne
595 2650 677 2695 quis
703 2650 839 2686 Catulli
869 2651 1119 2697 mimographi
1148 2651 1399 2697 fragmentum
1424 2651 1463 2687 in
1494 2653 1617 2698 glossa
1641 2663 1736 2697 quae

223 2709 322 2755 apud
363 2708 630 2745 Gothofredum
667 2709 719 2745 sic
756 2710 890 2745 iterata
921 2711 994 2746 est:
1043 2710 1274 2755 Officiperdi,
1308 2712 1372 2756 qui
1402 2712 1461 2746 sui
1497 2712 1633 2747 laboris
1662 2722 1736 2746 non

222 2769 353 2804 habent
377 2770 697 2805 remunerationem
717 2768 848 2806 Catuli.
873 2770 991 2805 latere
1015 2771 1133 2815 putet,
1157 2770 1331 2806 Vulcanii
1353 2783 1387 2816 p.
1410 2775 1488 2815 689,
1511 2775 1529 2806 7
1555 2770 1735 2815 glossam:

222 2828 436 2872 officiperdi,
462 2829 526 2872 qui
548 2830 608 2863 sui
633 2830 766 2863 laboris
790 2840 865 2864 ‘non
888 2830 1017 2864 habeat
1039 2831 1367 2864 remaneo-ationem.
1414 2830 1576 2864 Catoni
1599 2839 1736 2873 quoque

220 2886 395 2924 dicuntur
419 2887 623 2934 officiperdi
647 2887 828 2933 conferat,
861 2899 955 2932 quae
981 2899 1025 2923 ex
1052 2887 1205 2923 Osberni
1229 2887 1425 2923 Panormia
1448 2887 1487 2922 in
1510 2887 1587 2922 Mai
1618 2886 1732 2927 Class.
