2019 3254
839 137 1131 181 *31*-

223 245 398 290 disieeta
423 259 515 288 esse
541 248 871 288 consentaneum
897 247 978 299 est3
1005 245 1075 286 alii
1101 247 1244 287 autem
1270 244 1606 288 adversariorum
1631 244 1738 287 inte-

223 333 301 373 gra
326 318 467 372 capita
492 318 626 359 eidem
652 319 855 359 materiae
881 317 1215 371 destinaverunt,
1241 317 1352 358 sieut
1376 317 1555 359 Ioannes
1575 316 1739 358 Meur-

224 387 376 445 sius1)
395 388 761 432 Exercitationum
789 388 1030 430 criticarum
1057 386 1276 443 (Lugduni
1290 387 1552 430 Batavorum
1573 403 1608 429 a.
1626 388 1737 429 1599

224 457 306 514 ed.)
336 459 471 512 partis
504 461 710 501 secundae
748 460 846 501 libri
877 460 1004 514 primi
1035 460 1176 513 capita
1210 460 1412 513 10—123
1445 459 1576 500 Ianus
1608 457 1739 499 Geb-

221 528 410 570 hardus
456 527 813 584 ‘Crepundiorum
861 545 936 572 seu
982 529 1230 571 iuvenilium
1268 528 1488 571 curarum'
1533 528 1738 570 librorum

222 599 350 639 trium
395 598 632 654 (Hanoviae
671 616 710 641 a.
744 600 856 642 1615
888 598 969 654 ed.)
1006 599 1067 654 II,
1102 600 1155 640 12
1193 615 1232 653 p.
1266 600 1449 642 87—89
1489 601 1531 640 et
1567 598 1650 651 III,
1686 599 1740 657 16

222 684 261 723 p.
313 669 455 710 144—
474 671 576 726 1473
625 671 878 713 Eusthatius
930 669 1200 712 vaartius
1244 671 1289 711 in
1340 665 1736 724 ‘Analeetorum'2)

222 739 427 781 librorum
452 741 580 783 trium
608 740 689 797 (ed.
708 740 906 795 Lugduni
931 739 1192 781 Batavorum
1219 755 1254 781 a.
1277 738 1408 796 1616)
1433 739 1466 793 I,
1486 740 1511 781 8
1538 755 1578 794 p.
1598 740 1654 780 33
1676 754 1736 793 sq.
1762 785 1765 788 ,

222 812 265 849 et
294 809 354 863 ΙΙ,
390 812 441 852 12
473 828 512 865 p.
544 812 617 864 963
660 811 790 852 Ianus
832 809 1143 864 Rutgersius
1182 810 1433 852 ‘Variarum
1471 808 1735 852 Lectionum'

222 878 397 933 (ibidem
436 896 471 923 a.
513 881 624 922 1618
658 879 739 936 ed.)
777 895 817 934 p.
848 880 936 921 424
974 881 1017 920 et
1047 879 1152 933 4253
1194 879 1381 921 Thomas
1418 878 1736 934 Reinesiusss)

225 948 473 991 ‘Variarum
505 951 779 992 Lectionum'
823 951 1031 991 librorum
1066 951 1196 991 trium
1234 948 1511 1005 (Altenburgi
1549 965 1584 991 a.
1625 950 1736 991 1640

222 1017 303 1075 ed.)
333 1019 366 1073 I,
393 1021 417 1061 8
451 1023 493 1061 et
522 1020 577 1071 Π,
608 1021 676 1075 14;
707 1020 893 1062 fortasse
925 1020 1053 1061 etiam
1086 1020 1170 1061 alii.

337 1088 437 1130 Non
483 1091 668 1131 alienum
718 1091 884 1131 videtur
931 1091 1011 1131 hoe
1060 1091 1152 1131 loeo
1197 1091 1342 1131 statim
1392 1090 1581 1130 subicere
1631 1104 1738 1143 quae

220 1161 351 1214 longo
382 1163 481 1214 post
511 1161 663 1202 horum
695 1161 836 1202 studia
866 1161 1090 1202 intervallo
1123 1161 1289 1203 saeculo
1322 1159 1469 1202 XVIII
1509 1160 1562 1201 ad
1600 1175 1738 1202 emen-

221 1231 382 1273 dandas
428 1230 581 1273 Isidori
627 1232 792 1287 glossas
843 1231 1081 1286 spectantia
1124 1232 1281 1286 scripta
1324 1233 1434 1273 sunt.
1516 1230 1738 1271 ‘Miscella-

219 1317 396 1343 neorum
427 1301 713 1356 Lipsiensium
744 1302 968 1344 novorum'
1001 1302 1206 1344 volumini
1232 1302 1316 1344 VII
1348 1302 1519 1356 Lipsiae
1552 1317 1587 1343 a.
1624 1302 1734 1343 1749

220 1373 332 1414 edito
380 1373 586 1414 insertum
638 1375 703 1414 est
744 1387 785 1426 p.
831 1372 1073 1413 717-730
1117 1371 1187 1413 εΜ.
1226 1372 1286 1413 Io.
1329 1371 1484 1413 Salom.
1524 1371 1734 1412 Semleri

221 1443 433 1496 specimen
482 1442 825 1482 emendationum
875 1442 1072 1496 glossarii
1119 1441 1374 1483 Isidoriani.'
1453 1442 1534 1482 Est
1590 1444 1733 1482 autem

220 1511 449 1567 Semlerus,
504 1512 576 1567 qui
625 1511 817 1553 ‘Isidori'
873 1513 1112 1567 glossarum
1160 1512 1418 1553 edendarum
1468 1510 1733 1567 eonsilium4)

218 1585 358 1623 ratum
401 1597 489 1624 non
531 1583 652 1636 feeit,
703 1584 872 1636 praeter
920 1582 1050 1623 miras
1094 1583 1356 1624 coniecturas
1399 1597 1504 1637 quas
1555 1582 1735 1636 protulit

317 1686 341 1732 ¹)
363 1685 434 1729 Qui
452 1686 592 1721 factum
612 1685 669 1729 sit,
690 1687 731 1721 ut
749 1685 825 1720 iam
844 1697 876 1720 a.
899 1690 988 1721 1599
1009 1686 1189 1721 Meursius
1208 1687 1348 1731 glossas
1368 1685 1498 1721 Isidori
1517 1697 1540 1720 a
1552 1685 1733 1720 Vulcanio

217 1746 378 1781 nondum
399 1745 517 1780 editas
543 1766 585 1770 —
606 1756 689 1779 cum
714 1745 822 1780 huius
842 1744 956 1781 editio
976 1757 1008 1780 a.
1030 1749 1121 1781 1600
1141 1746 1290 1781 demum
1308 1746 1489 1791 prodierit
1506 1766 1553 1771 —-
1572 1747 1733 1780 tractare

218 1805 350 1848 posset,
377 1815 450 1838 non
475 1803 625 1838 difficile
646 1804 701 1838 est
721 1804 768 1836 ad
788 1804 1062 1848 explicandum:
1088 1806 1285 1848 utrumque
1304 1804 1402 1838 enim
1423 1816 1505 1838 cum
1524 1804 1733 1838 litterarum

218 1873 411 1897 commune
445 1861 632 1897 vinculum
666 1863 745 1897 tum
778 1861 984 1896 studiorum
1025 1861 1228 1896 similitudo
1265 1861 1522 1907 coniungebat.
1582 1862 1733 1897 Meursii

218 1920 466 1965 exquisitioris
509 1920 707 1955 latinitatis
749 1920 903 1954 seientia
945 1921 1145 1955 maximam
1187 1922 1333 1965 partem
1376 1932 1459 1955 cum
1496 1922 1659 1956 Arnobio
1697 1923 1735 1954 et

217 1979 327 2014 Festo
346 1981 425 2014 tum
446 1978 624 2023 Scaligeri
645 1979 790 2023 seriptis
809 1978 950 2022 nititur,
976 1979 1088 2024 idque
1113 1979 1395 2014 fundamentum
1415 1979 1479 2013 ubi
1498 1978 1731 2024 relinquitur,

217 2037 450 2073 incredibilia
473 2037 592 2071 multa
623 2038 838 2072 naseuntur:
875 2037 914 2071 id
946 2038 1045 2082 quod
1075 2037 1167 2072 item
1198 2037 1235 2071 in
1267 2038 1367 2072 haud
1397 2048 1535 2082 paucos
1561 2037 1733 2082 egregiae

219 2107 261 2131 ac
287 2107 404 2141 paene
429 2096 544 2131 mirae
569 2095 670 2130 illius
695 2096 833 2131 vetusti
858 2096 1035 2131 sermonis
1059 2096 1167 2131 latini
1198 2096 1373 2131 scientiae
1399 2096 1573 2139 asseclas,
1606 2096 1667 2131 vel
1693 2098 1735 2130 ut

221 2155 386 2199 Scaliger
409 2155 487 2199 ipse
514 2155 673 2198 dicebat,
699 2154 825 2189 simias
851 2155 961 2189 cadit.

314 2213 342 2259 2)
370 2214 648 2248 ‘Analectorum
672 2213 759 2248 libri
781 2214 842 2258 III,
868 2213 905 2247 in
933 2213 1066 2257 quibus
1090 2214 1282 2248 innumera
1301 2214 1504 2256 auctorum,
1532 2224 1605 2257 qua
1630 2224 1733 2257 grae-

217 2284 340 2307 corum
390 2283 463 2316 qua
510 2273 727 2318 latinorum,
781 2273 864 2308 loca
912 2273 1152 2307 emendantur
1201 2272 1452 2307 dilucidantur
1499 2272 1732 2307 illustrantur

216 2332 401 2365 notantur.
463 2332 521 2366 Ad
555 2332 675 2366 virum
712 2332 895 2367 illustrem
932 2330 1107 2365 Iacobum
1138 2341 1211 2365 van
1243 2330 1368 2374 Diick‚
1407 2320 1655 2365 consiliarium
1693 2335 1731 2365 et

217 2388 381 2434 legatum
407 2389 575 2435 regium.'

313 2449 338 2494 ³)
364 2449 431 2484 Vir
460 2461 534 2484 non
563 2450 798 2485 mediocriter
833 2450 961 2486 doetus
991 2450 1070 2485 iure
1102 2461 1166 2484 suo
1198 2448 1367 2493 Caspai-is
1399 2447 1541 2483 Barthii
1571 2448 1729 2483 hariola-

218 2507 374 2542 lationes
395 2518 504 2552 saepe
530 2507 766 2553 impugnavit
785 2508 1046 2552 refutavitque,
1073 2508 1238 2553 prolatas
1263 2507 1347 2541 illas
1366 2506 1566 2541 maximam
1585 2509 1731 2552 partem

216 2566 252 2600 in
291 2566 618 2601 ‘Adversariorum
659 2567 1006 2602 commentariorum
1042 2566 1148 2601 libris
1184 2566 1269 2599 LX’
1312 2565 1542 2600 Francofurti
1572 2577 1605 2601 a.
1640 2570 1729 2601 1624

216 2625 335 2660 editis.
372 2626 486 2660 Velut
506 2625 666 2660 ‘Isidori’
687 2626 832 2670 glossae
851 2638 886 2671 p.
908 2629 986 2670 693,
1008 2630 1051 2660 41
1072 2626 1314 2660 saneeozz‘ssat:
1342 2626 1509 2668 laetatur,
1530 2625 1729 2669 triumphat

214 2683 350 2719 lemma
368 2683 541 2718 Bar-thius
561 2683 611 2718 sie
630 2683 823 2718 emendare
848 2694 956 2728 posse
975 2683 1045 2718 sibi
1064 2683 1163 2718 visus
1183 2684 1239 2717 est
1263 2684 1520 2726 saracenissat3
1547 2683 1585 2716 in
1604 2683 1729 2727 glossa

214 2754 249 2787 p.
272 2746 350 2786 667,
370 2746 412 2776 21
440 2743 600 2788 Alliyer:
628 2742 757 2777 Gallus
781 2743 928 2777 nostrae
954 2742 1104 2787 linguae
1129 2741 1350 2777 vocabulum
1373 2741 1542 2776 ‘Gallier'
1570 2742 1725 2787 indaga-

214 2800 286 2845 vit;
313 2802 450 2837 similia
474 2803 593 2837 multa
617 2801 825 2837 somniavit.

309 2862 337 2907 4)
364 2861 549 2897 Semlerus
574 2861 598 2897 l.
625 2874 651 2896 s.
679 2873 705 2897 s.
732 2874 767 2909 p.
795 2865 861 2897 717
889 2873 960 2907 sq.:
994 2861 1086 2896 ‘stat
1110 2860 1208 2896 enim
1233 2860 1354 2897 adhuc
1380 2859 1573 2905 sententia,
1600 2860 1630 2895 si
1656 2860 1728 2895 Lu-
