2019 3254
884 182 1171 223 „22—

261 292 304 331 et
329 289 434 331 alibi
460 290 575 331 edita
602 291 715 331 sunt.
764 288 856 331 Nos
876 291 1049 343 praeter
1074 288 1311 330 vetustiora
1336 310 1385 316 -—
1414 286 1532 328 velut
1553 284 1781 340 ‘glossaria

262 358 387 415 du01)
433 358 588 402 Oarolo
634 359 794 414 Magno
844 359 1055 413 inscripta
1096 355 1509 401 Latino-Francica'
1560 356 1605 398 in
1647 355 1783 398 Marci

265 430 408 473 Zuerii
434 430 726 472 Boxhornii
750 429 947 471 Historia
966 428 1212 471 Universa-li
1237 426 1528 486 (Francofurti
1548 428 1591 468 et
1611 426 1783 481 Lipsiae

265 502 328 543 ed.
360 517 396 543 a.
431 499 581 556 1675),
624 500 675 541 D.
711 499 917 541 Iohannis
954 499 1256 542 Diecmanni
1294 499 1539 555 ‘Specimen
1575 498 1784 540 Glossarii

264 571 417 615 MSGti
435 571 841 626 Latino-Theotisci‚
861 571 971 625 quod
991 571 1170 613 Rabano
1190 571 1340 614 Mauro
1363 604 1372 613 .
1391 604 1400 613 .
1420 604 1429 612 .
1448 570 1698 612 inscribitur
1717 602 1726 611 .
1748 603 1755 611 .
1777 602 1786 611 .

266 644 381 698 Opus
407 640 701 697 posthumum'
734 641 915 682 Bremae
942 641 1003 682 ed.
1031 656 1067 682 a.
1096 642 1206 682 1721
1235 640 1303 696 4⁰,
1335 640 1593 683 ‘Aelfrici'
1627 641 1786 696 glossa-

266 714 378 754 rium
404 710 796 765 anghsaxonicum,
823 710 1082 764 glossarium
1109 711 1457 751 latino-italicum
1481 710 1560 752 Du
1586 710 1787 766 Oangii,

268 781 461 824 Graffii
482 780 915 822 ‘Althochdeutscher
935 779 1261 834 Sprachschatz'
1297 804 1347 809 —
1376 779 1446 820 hic
1473 779 1561 822 illic
1586 781 1638 822 ad
1664 797 1788 824 usum

266 855 463 893 nostrum
494 865 583 891 non
609 850 701 891 sine
725 850 913 891 utilitate
941 850 1197 891 adscivimus
1224 850 1444 891 Laurentii
1469 849 1591 891 Dies
1595 851 1788 893 enbach

269 922 551 963 ‘Glossarium
576 918 1056 961 Latino-Germanicum
1076 919 1241 961 mediae
1269 922 1311 961 et
1336 919 1507 960 infimae
1534 920 1705 962 aetatis'
1738 937 1789 962 ex

269 993 487 1035 codicibus
527 1006 655 1033 manu
693 990 865 1045 scriptis
899 993 941 1031 et
979 990 1104 1032 libris
1145 991 1367 1045 impressis
1405 990 1705 1032 concinnatum
1747 994 1790 1032 et

270 1062 547 1105 Francofurti
579 1062 628 1103 ad
662 1061 864 1103 Moenum
891 1076 927 1102 a.
956 1060 1066 1103 1857
1095 1060 1268 1115 editum,
1300 1061 1572 1115 eiusdemque
1605 1060 1791 1104 ‘Novum

273 1133 543 1176 Glossarium
586 1130 1039 1185 Latinogermanicum
1081 1130 1246 1171 mediae
1302 1133 1345 1172 et
1394 1130 1565 1172 infimae
1618 1131 1789 1173 aetatis'

271 1205 433 1246 ibidem
459 1218 494 1244 a.
524 1202 633 1243 1867
662 1201 920 1256 evulgatum.
975 1200 1124 1255 Neque
1149 1215 1227 1242 nos
1253 1201 1367 1255 fugit
1390 1201 1442 1242 K.
1466 1201 1499 1243 Ι.
1526 1200 1791 1244 Schroerii

273 1271 783 1315 ‘Lateinisch-deutsches
815 1270 1060 1311 Vocabular
1097 1285 1182 1311 von
1212 1269 1502 1312 MGCCCXX’
1533 1271 1791 1325 Pressburgi

273 1360 309 1386 a.
333 1343 445 1385 1859
473 1341 704 1397 proditum,
739 1340 968 1382 Scheleri
990 1339 1345 1394 ‘Lexicographie
1371 1341 1505 1382 latine
1533 1341 1588 1383 du
1607 1342 1720 1385 XIIe.
1747 1345 1791 1384 et

272 1416 327 1455 du
358 1412 495 1455 XIII0.
528 1412 668 1453 siecle.
699 1411 823 1452 Trois
855 1411 1005 1452 traites
1038 1411 1088 1451 de
1119 1410 1230 1452 Jean
1260 1412 1310 1452 de
1343 1411 1569 1466 Garlandc,
1600 1412 1791 1454 Neckam

274 1488 317 1526 et
348 1483 488 1525 Adam
525 1482 581 1522 du
611 1480 727 1521 Petit
758 1480 890 1522 Pont'
921 1480 1093 1534 Lipsiae
1126 1495 1161 1521 a.
1199 1481 1309 1522 1867
1350 1496 1542 1523 seorsum
1573 1483 1689 1536 typis
1726 1483 1793 1524 de—

273 1554 446 1609 scripta,
478 1553 520 1594 id
553 1565 687 1607 genus
720 1551 816 1594 alia.

391 1623 517 1665 Alter
558 1622 771 1663 dividendi
816 1622 966 1663 modus
1011 1622 1063 1662 ad
1106 1623 1376 1664 materiam
1416 1627 1593 1678 spectat.
1671 1624 1794 1666 Aliae

275 1696 388 1737 enim
420 1694 589 1749 glossae
621 1693 883 1747 compositae
916 1695 1014 1733 sunt
1046 1693 1207 1734 ordinis
1240 1694 1312 1748 qui
1349 1694 1504 1736 dicitur
1535 1695 1796 1749 alphabetici

277 1768 351 1808 aut
370 1763 701 1819 diligentissime
729 1765 803 1804 aut
827 1763 965 1804 laxius
993 1765 1067 1805 aut
1087 1763 1260 1805 omnino
1287 1779 1374 1806 non
1398 1765 1564 1807 ratione
1589 1763 1796 1821 habita2),

278 1835 591 1891 significatione
632 1836 776 1875 autem
815 1834 1056 1888 glossarum
1104 1849 1279 1888 prorsus
1325 1835 1540 1891 neglecta,
1585 1849 1693 1890 quae
1731 1837 1796 1877 est

279 1908 414 1949 multo
447 1905 584 1947 maior
615 1919 732 1958 pars:
764 1905 881 1945 velut
913 1904 1122 1959 ‘Isidori',
1153 1904 1333 1960 Placidi,
1365 1921 1601 1961 anonymae
1635 1920 1796 1947 sescen-

278 1981 367 2032 tae3
406 1976 587 2017 aliarum
626 1977 776 2016 contra
819 1973 922 2015 ordo
960 1974 997 2015 is
1037 1977 1120 2029 est,
1156 1977 1205 2016 ut
1242 1976 1482 2030 glossarum
1521 1976 1574 2017 ad
1619 1976 1796 2018 eandem

280 2046 522 2100 materiam,
554 2045 671 2087 velut
703 2045 755 2086 ad
781 2045 945 2086 caelum
975 2044 1075 2086 deos
1103 2046 1307 2087 animalia
1333 2047 1642 2100 supellectilem
1667 2046 1796 2087 ferra-

280 2120 437 2172 menta,
463 2116 548 2159 alia
574 2116 861 2170 spectantium
881 2117 976 2157 tota
1003 2116 1145 2170 capita
1171 2118 1459 2171 conectantur‚
1484 2117 1602 2158 cuius
1629 2116 1797 2171 generis

282 2191 381 2230 sunt
413 2187 622 2241 Stephani
655 2187 899 2228 ‘Vocabula
929 2187 974 2227 in
1005 2189 1123 2228 certa
1148 2188 1291 2240 capita
1319 2187 1452 2229 veluti
1481 2188 1525 2228 in
1556 2202 1797 2230 communes

280 2260 398 2301 locos
431 2256 627 2312 digesta?
677 2256 760 2298 Hic
793 2271 959 2312 quoque
992 2257 1172 2298 aliarum
1203 2259 1329 2311 atque
1361 2257 1519 2299 latinae
1546 2260 1588 2299 et
1619 2272 1797 2313 graecae

280 2330 525 2383 linguarum
562 2343 665 2369 usus
704 2320 864 2368 similia
900 2326 1098 2380 protulit,
1137 2341 1316 2380 quorum
1353 2342 1483 2368 unum
1514 2343 1798 2372 commemoro

382 2493 407 2537 ¹)
434 2492 475 2527 In
500 2490 623 2538 priore
649 2490 794 2536 glossae
821 2490 869 2525 ad
895 2491 1093 2526 Iuvencum
1119 2491 1328 2536 spectantes
1353 2491 1489 2527 insunt.

381 2551 407 2595 2)
437 2551 507 2593 Qui
531 2551 710 2595 glossaria
735 2562 809 2585 non
834 2551 954 2585 multa
978 2549 1101 2594 novit,
1127 2561 1199 2585 non
1230 2549 1338 2585 facile
1364 2550 1552 2595 putaverit
1578 2552 1636 2586 vel
1662 2553 1800 2597 glossa-

284 2623 365 2645 rum
394 2610 441 2644 ad
467 2609 658 2654 alphabeti
689 2609 856 2645 ordinem
881 2608 1167 2656 digerendarum
1199 2608 1385 2653 pervarias
1410 2620 1489 2645 esse
1514 2621 1619 2655 posse
1651 2611 1802 2656 species.

284 2670 395 2705 Modo
422 2669 519 2704 enim
545 2669 740 2714 respicitur
765 2670 812 2705 ad
838 2669 983 2705 litteras
1011 2668 1058 2704 ab
1084 2667 1191 2703 initio
1222 2679 1353 2703 vocum
1379 2668 1517 2713 primas
1541 2669 1638 2705 hunc
1662 2669 1700 2706 in
1726 2683 1802 2707 mo-

284 2729 389 2763 dum:
423 2729 484 2762 ab·
511 2738 567 2761 ae·
593 2728 655 2761 acl·
682 2739 736 2762 ae·
761 2728 821 2762 vel
847 2728 932 2762 aba·
958 2728 1041 2762 abb·
1067 2728 1146 2761 abe·
1172 2727 1257 2761 abd·
1285 2755 1291 2761 .
1320 2754 1326 2760 .
1355 2753 1362 2760 .
1389 2738 1468 2761 aca-
1495 2728 1572 2762 acb·
1598 2740 1673 2764 acc·
1700 2758 1706 2764 .
1736 2758 1742 2764 .
1771 2757 1802 2773 .,

286 2787 397 2822 modo
424 2786 471 2821 ad
496 2786 643 2821 vocales
668 2786 737 2830 ita,
770 2788 811 2821 ut
835 2787 922 2821 talis
953 2786 1042 2821 ordo
1069 2785 1221 2821 evadat:
1271 2784 1377 2819 alvus
1402 2787 1558 2831 auguste
1583 2786 1732 2823 abiurat
1756 2788 1803 2822 ad

285 2845 536 2882 ulciscendum
574 2846 738 2881 amburit
775 2845 988 2880 ambustum
1015 2874 1022 2881 .
1045 2873 1051 2880 .
1075 2873 1108 2889 .,
1151 2843 1262 2880 modo
1302 2843 1518 2880 lemmatum
1560 2846 1803 2885 extremarum

286 2905 497 2942 litterarum
522 2904 616 2941 ratio
642 2904 811 2948 habetur,
839 2903 918 2939 sim.
