2019 3254
883 206 936 212 -.-
1003 180 1055 224 13
1120 203 1172 212 .-

267 285 357 330 sine
388 302 513 342 quam
538 286 705 330 meridie
734 288 802 330 vel
830 288 1042 330 similibus
1069 289 1224 331 verbis.
1273 288 1390 330 Idem
1415 286 1569 329 Festus
1595 302 1634 341 p.
1661 283 1781 328 3301>

267 360 323 401 33
354 360 466 401 hanc
497 361 749 402 memoriam
781 360 885 401 alibi
917 373 1004 401 non
1034 360 1280 402 redeuntem
1311 358 1514 401 servavit:
1559 357 1785 411 ‘spirillum

266 431 413 473 vocari
445 431 507 472 ait
539 430 771 485 Opillius
804 429 1049 471 Aurelius
1081 445 1228 483 caprae
1264 428 1458 472 barbam?
1519 429 1587 471 En
1618 429 1785 483 glossas

267 504 459 543 nostras:

445 595 675 638 Stirillum:
707 609 855 649 caprae
885 595 1012 637 barba

386 676 464 711 cod.
492 675 785 719 Amplonianus¹
811 687 848 719 p.
875 679 956 719 374,
983 679 1039 710 55.

444 758 677 801 Sterillum:
709 759 835 800 barba
865 759 913 800 de
943 756 1110 813 capral)

384 839 461 873 Mai
487 839 538 873 VI
562 851 598 883 p.
625 840 742 883 545b;
769 840 878 885 gloss.
906 839 1133 882 Salomonis;
1159 839 1307 883 Papias

271 922 339 963 Sic
370 923 502 964 etiam
528 922 708 977 Sulpicii
732 922 832 963 Rufi
857 923 1285 976 interpretamentum
1311 920 1365 962 ad
1388 921 1528 975 legem
1552 920 1636 962 XII
1667 921 1787 962 tabu-

268 993 408 1033 larum
440 995 637 1046 spectans
671 993 717 1033 in
749 993 906 1047 glossis
938 993 1099 1033 nostris
1132 995 1300 1033 exstare
1332 991 1445 1032 infra
1477 989 1787 1031 demonstrabi-

269 1065 351 1103 tur.
394 1061 527 1104 Vides
548 1077 675 1117 quam
694 1062 909 1116 pretiosas
930 1062 1131 1117 antiquae
1152 1062 1372 1103 doctrinae
1392 1060 1597 1114 reliquias
1618 1060 1787 1114 glossae

269 1148 405 1188 usque
439 1133 491 1175 ad
521 1132 634 1174 hunc
665 1133 778 1174 diem
809 1132 966 1174 iniuria
997 1135 1166 1187 spretae
1199 1132 1458 1174 contineant.

387 1205 480 1245 Iam
510 1219 642 1245 unum
679 1207 816 1245 restat
847 1204 899 1245 ad
940 1204 1080 1245 fontes
1113 1203 1377 1257 indagandos
1411 1203 1515 1243 item
1546 1198 1785 1255 pertinens:

273 1290 382 1330 quae
421 1277 566 1317 tamen
603 1288 670 1316 res
717 1289 892 1329 prorsus
934 1276 1051 1316 certa
1090 1276 1164 1315 aut
1201 1273 1426 1328 perspicua
1464 1287 1549 1314 non
1588 1275 1670 1328 est,
1716 1272 1788 1313 sed

270 1346 454 1399 quodam
498 1345 625 1386 modo
677 1346 729 1386 ad
777 1360 948 1385 sensum
994 1345 1118 1385 redit.
1202 1343 1400 1397 Namque
1457 1344 1524 1384 vel
1568 1359 1639 1385 eas
1683 1359 1787 1397 quas

268 1430 396 1469 supra
435 1414 737 1468 exscripsimus
781 1414 1125 1468 testimoniisque
1170 1414 1274 1454 satis
1320 1413 1581 1454 suffulsimus
1620 1413 1787 1466 glossas

368 1575 393 1620 ¹)
417 1576 602 1619 spirillum
635 1575 782 1619 Festus,
819 1576 993 1610 stirillum
1031 1575 1107 1610 sive
1141 1576 1316 1609 sterillum
1353 1575 1514 1619 glossae:
1550 1577 1635 1610 utra
1670 1575 1789 1611 forma

266 1638 379 1668 vera?
430 1634 469 1668 Si
494 1635 730 1677 ἑτυμολογεῑν
761 1634 868 1678 licet,
901 1645 965 1668 cur
988 1635 1164 1668 sterillum
1195 1634 1315 1669 forma
1345 1633 1542 1678 displiceat
1572 1645 1644 1669 non
1669 1634 1788 1669 video.

272 1692 439 1738 Cogit-ari
465 1692 563 1727 enim
587 1694 713 1738 potest
744 1692 1023 1738 rigidiusculam
1050 1703 1181 1738 caprae
1215 1692 1368 1727 barbam
1399 1692 1587 1727 ster-illum
1616 1695 1788 1728 vocatam

268 1763 348 1786 esse
375 1752 504 1787 eodem
535 1752 646 1786 modo
672 1762 745 1796 quo
776 1751 919 1786 homini
947 1751 1202 1786 ‘duribuccio'
1237 1752 1355 1787 barba
1385 1752 1519 1786 sterilis
1543 1753 1787 1788 tribuebatur.

269 1800 339 1852 Qui
366 1822 452 1845 usus
476 1811 609 1844 sterilis
634 1809 805 1844 vocabuli
830 1830 876 1835 —
896 1809 999 1844 cuius
1026 1811 1174 1854 etymon
1200 1810 1247 1845 ad
1267 1811 1409 1853 ετερεόε
1435 1811 1582 1854 ετεῤῥό(
1607 1812 1785 1854 ετέριφοε,

272 1870 358 1903 sert.
384 1870 531 1911 sthiras,
556 1880 670 1913 germ.
696 1872 773 1903 star
792 1868 971 1912 pertinet:
997 1869 1082 1903 vide
1108 1869 1150 1903 G.
1172 1868 1339 1904 Curtium
1361 1868 1634 1914 ‘Grundzfige’³
1658 1881 1693 1913 p.
1719 1873 1784 1904 201

275 1947 316 1951 -—
345 1927 466 1962 adhuc
491 1937 565 1962 non
590 1929 700 1961 notus
726 1938 763 1961 re
788 1937 877 1962 vera
901 1926 1055 1961 exstitit.
1106 1926 1239 1962 Confer
1264 1928 1362 1962 enim
1388 1920 1436 1962 sis
1461 1928 1557 1962 hanc
1582 1927 1758 1971 glossam:

436 1998 567 2032 Barba
590 1998 763 2032 sterili:
790 1999 1025 2033 duribuecius

393 2057 471 2091 cod.
510 2056 700 2091 Leidensis
733 2061 775 2091 67
808 2056 863 2090 F2
887 2057 911 2090 f.
944 2057 1040 2091 551b
1081 2057 1241 2100 (sterelz);
1283 2058 1362 2092 cod.
1394 2057 1594 2091 Vossianus
1631 2057 1709 2091 Fol.
1742 2061 1785 2091 82

391 2115 669 2158 (dumbuceius);
702 2114 780 2149 cod.
813 2114 1015 2149 Vossianus
1045 2114 1123 2149 Fol.
1156 2119 1201 2149 24
1233 2116 1363 2158 (sterelz'
1391 2115 1477 2149 duri
1501 2116 1676 2159 buccius);
1708 2116 1786 2150 cod.

391 2172 720 2216 sangermanensis
758 2173 889 2215 (stereli
926 2173 1172 2217 duribucius)3
1217 2173 1295 2206 cod.
1328 2173 1521 2207 Bernensis
1555 2178 1597 2207 16
1629 2174 1653 2208 f.
1686 2175 1787 2208 52vb

390 2231 649 2275 (duribucius);
677 2230 756 2264 cod.
781 2229 981 2264 Vossianus
1003 2229 1082 2265 Oct.
1102 2234 1148 2265 24
1168 2231 1426 2275 (ducibucius);
1451 2231 1527 2266 Mai
1545 2232 1613 2266 VII
1632 2244 1666 2277 p.
1688 2232 1787 2267 5521)

390 2291 491 2334 (duri
527 2290 681 2332 butius);
728 2289 837 2333 gloss.
870 2289 1002 2324 Isidori
1039 2302 1073 2334 p.
1114 2293 1199 2334 (370,
1237 2293 1282 2324 34
1320 2290 1594 2335 (barbastereh);
1637 2291 1788 2327 eaedem

390 2361 425 2394 p.
455 2352 534 2391 672,
561 2351 581 2382 9
609 2347 879 2393 (barbasterih').

274 2421 345 2454 Pro
371 2419 610 2454 duribuccius
634 2420 782 2463 poterat
808 2418 922 2454 etiam
948 2420 1136 2455 oridurius
1161 2420 1397 2465 interpretari
1416 2421 1718 2467 glossographus:
1743 2422 1787 2457 cf.

268 2478 396 2523 Cyrilli
422 2490 458 2522 p.
486 2481 572 2520 609,
598 2481 643 2512 38
669 2477 834 2522 glossam
860 2478 1152 2519 Εκληρόετομοεε
1178 2479 1375 2513 oridurius.
1420 2479 1590 2514 Ceterum
1608 2481 1655 2514 ad
1674 2480 1786 2514 aliam

270 2547 348 2571 rem
380 2537 526 2581 spectat
554 2536 722 2571 Petronii
747 2548 777 2572 c.
804 2540 848 2571 43
881 2538 930 2581 (p.
956 2540 1018 2580 47,
1048 2541 1090 2572 10
1115 2536 1155 2571 Β.
1182 2537 1238 2572 ed.
1264 2537 1363 2581 mai.)
1400 2538 1514 2573 durae
1544 2540 1674 2575 buccae
1701 2540 1786 2583 fuit.

265 2595 361 2629 Utut
386 2595 510 2628 autem
536 2596 686 2639 etymon
710 2595 884 2630 vocabuli
914 2595 1094 2629 rarissimi
1119 2606 1157 2630 se
1188 2596 1318 2639 habet,
1348 2596 1418 2630 hoc
1443 2598 1543 2631 certo
1574 2597 1648 2633 scio
1673 2598 1786 2633 nemi-

264 2665 350 2689 nem
375 2664 481 2688 meae
507 2654 760 2699 praelaturum
780 2665 859 2689 esse
879 2653 1026 2689 Ioannis
1045 2653 1194 2689 Meursii
1214 2654 1472 2699 coniecturam,
1498 2656 1561 2700 qui
1585 2655 1624 2691 in
1642 2656 1786 2692 Exerci-

265 2712 470 2746 tationibus
510 2712 645 2747 criticis
686 2714 859 2758 Lugduni
897 2714 1124 2748 Batavorum
1161 2724 1193 2747 a.
1229 2716 1316 2747 1599
1349 2714 1458 2749 editis
1493 2715 1528 2749 II
1563 2728 1598 2760 p.
1634 2720 1699 2751 108
1732 2728 1785 2760 sq.

266 2771 358 2807 haec
386 2772 564 2817 nugatur:
593 2771 716 2807 ‘nemo
743 2801 749 2807 .
774 2800 781 2807 .
803 2801 810 2808 .
837 2772 956 2807 nescit
979 2772 1102 2817 spiras
1127 2771 1244 2806 dictas
1268 2771 1371 2807 funes
1395 2773 1562 2809 nauticos
1588 2794 1632 2799 —
1659 2784 1786 2818 quam-

266 2831 321 2865 vis
346 2830 494 2875 proprie
516 2831 732 2866 convolutos
757 2833 905 2866 'tantum
930 2852 974 2857 —
1002 2842 1129 2866 omnes
1150 2831 1311 2867 abusive.
1355 2832 1449 2867 Hinc
1467 2834 1661 2878 spirilimn,
1688 2833 1787 2877 quod

266 2890 386 2934 spirae
412 2890 587 2924 nimirum
611 2890 698 2925 inde
722 2890 879 2925 fierent.’
