2019 3254
842 150 903 201 -'
958 170 984 211 9
1050 194 1099 199 ,-

422 276 654 330 abroyans:
686 276 855 318 humilis

417 359 648 400 arroyans:
679 347 875 400 superbus

417 418 623 460 abiectus:
655 418 897 471 inquinatus

207 499 399 542 ordinem
442 498 662 541 turbatum
703 514 795 541 esse
844 498 1013 541 invecta
1055 508 1274 552 arroyans:
1323 496 1519 550 superbus
1562 496 1727 552 glossa,

205 585 289 625 qua
320 585 425 625 opus
451 584 543 613 esse
573 570 756 624 putabat
782 570 940 612 sciolus
966 570 1109 612 nescio
1136 570 1230 624 quis
1264 569 1316 610 ad
1350 568 1603 623 explendam
1630 583 1723 609 eam

206 656 313 695 quae
360 639 576 694 praecedit
619 640 827 694 glossam,
882 640 954 693 qui
996 654 1085 682 non
1133 639 1346 681 caecutiat
1388 638 1514 681 facilc
1559 638 1725 680 viderit.

204 710 435 752 Difficilius
477 709 607 750 etiam
648 709 737 750 cod.
770 708 1065 763 Sangallensis
1097 710 1183 750 912
1214 724 1255 763 p.
1285 709 1342 750 48
1383 709 1720 750 additamentum

205 780 368 836 lateat}
386 780 461 822 ubi
492 780 605 821 inter
631 779 792 820 medias
817 792 838 821 c
867 779 1039 821 litterae
1072 780 1239 833 glossas
1271 779 1377 821 haec
1408 780 1593 834 legentis
1626 795 1720 821 ocu-

203 853 268 893 los
307 851 502 892 offendit:
545 850 744 890 amicum:
783 850 952 902 tonffllon
988 849 1069 890 hoc
1106 852 1172 890 est
1217 850 1416 890 amicum:
1460 851 1536 891 τὸν
1577 851 1719 901 φίλον.

203 921 303 963 Νο11
333 936 430 963 raro
464 923 608 963 autem
639 920 691 962 ad
722 920 945 962 turbatum
976 919 1217 962 litterarum
1252 919 1445 961 ordinem
1476 919 1585 962 illud
1616 920 1723 961 indi-

205 992 317 1032 cium
343 991 518 1045 accedit,
550 991 662 1046 quod
687 990 876 1031 eiusdem
908 989 1110 1044 glossarii
1140 1004 1276 1030 novus
1303 989 1435 1030 codex
1466 990 1722 1043 suspitiosas

205 1062 375 1116 glossas
419 1061 601 1116 omittit,
645 1061 688 1102 id
732 1061 844 1116 quod
882 1076 978 1103 cum
1021 1060 1067 1101 in
1104 1060 1191 1101 alia
1228 1062 1321 1101 tum
1357 1060 1403 1101 in
1440 1059 1725 1102 Hildebrandi

206 1131 480 1187 ‘glossarium
517 1132 760 1174 Parisinum
798 1129 1168 1187 antiquissimum'
1217 1130 1366 1172 cadere
1404 1130 1518 1173 infra
1555 1131 1725 1173 demon-

207 1203 452 1245 strabimus.

320 1272 497 1315 Praeter
528 1273 695 1328 glossas
727 1273 1011 1328 interpolatas
1044 1272 1175 1314 etiam
1206 1287 1381 1327 prorsus
1413 1273 1555 1315 aliena
1585 1272 1723 1314 immi-

207 1346 380 1385 scentur
395 1347 533 1399 -atque
554 1345 710 1386 iterum
735 1345 975 1399 iterumque
995 1344 1211 1398 descripta
1234 1346 1544 1398 propagantur.
1594 1342 1724 1385 Cuius

203 1415 266 1456 rei
298 1415 557 1458 luculentius
589 1415 829 1470 exemplum
860 1415 1028 1457 nullum
1059 1415 1160 1458 novi
1190 1414 1284 1458 hoc.
1340 1413 1576 1457 Vulcanius
1609 1415 1723 1457 enim

205 1485 319 1527 inter
357 1485 556 1527 ‘Isidori'
595 1486 763 1540 glossas
800 1500 840 1540 p.
878 1487 982 1540 682,
1013 1487 1068 1528 27
1114 1486 1346 1541 permiram
1385 1486 1575 1540 glossam
1612 1486 1724 1527 hanc

205 1555 354 1597 edidit:
403 1557 505 1598 Hetz'
531 1556 637 1608 folia
666 1559 840 1608 quatuor
874 1555 988 1607 fuere
1025 1557 1073 1598 de
1102 1557 1335 1610 exemplari.
1403 1556 1463 1598 At
1498 1555 1604 1598 haec
1635 1572 1724 1598 non

205 1625 353 1679 glossa
384 1628 461 1680 est,
493 1640 578 1680 qua
609 1625 855 1666 abstrusum
881 1625 1053 1680 aliquod
1082 1626 1341 1668 vocabulum
1367 1626 1616 1681 explicetur,
1648 1628 1720 1669 sed

203 1696 355 1737 notula
384 1696 528 1737 nescio
561 1695 678 1737 cuius
709 1695 908 1737 lacunam
934 1697 1118 1750 exempli
1149 1696 1397 1752 indicantis3
1431 1697 1577 1739 eadem
1609 1699 1722 1740 enim

204 1765 351 1820 glossa
394 1766 439 1807 in
483 1765 626 1808 codice
668 1764 867 1806 Leidensi
905 1764 1026 1807 67F1
1061 1765 1089 1808 f.
1126 1767 1205 1807 29r
1248 1766 1348 1807 talis
1394 1769 1557 1809 exstat:
1626 1768 1724 1810 hietat

200 1837 305 1888 folia
335 1840 526 1889 quattuor
556 1850 658 1889 quae
682 1836 815 1877 excisa
843 1835 1015 1887 fuerunt
1043 1837 1090 1878 de
1119 1837 1331 1889 exemplam
1356 1840 1399 1878 et
1429 1837 1475 1878 in
1505 1838 1717 1892 glossario

208 1905 450 1948 Salomonis
482 1906 595 1948 inter
625 1906 841 1959 hesperius
866 1909 908 1947 et
938 1906 1056 1948 heth:
1087 1906 1222 1949 hestus
1248 1907 1354 1959 folia
1386 1921 1414 1948 a
1443 1911 1619 1960 quatuor
1648 1924 1723 1962 que

206 1978 339 2019 excisa
366 1977 526 2029 fuerim}
553 1978 600 2018 de
630 1978 889 2031 exemplaria,
921 1978 995 2019 ubi
1026 1978 1076 2018 de
1110 1977 1331 2032 ‘quattuor
1362 1978 1478 2019 foliis
1506 1979 1557 2028 de
1584 1994 1723 2021 exem-

203 2047 315 2101 plari
347 2047 522 2089 excisis'
564 2048 635 2103 agi
673 2051 868 2103 apparet,
905 2063 1041 2103 neque
1086 2051 1233 2089 tamen
1273 2048 1374 2103 quid
1411 2063 1489 2102 pro
1521 2049 1724 2091 lemmate

204 2117 372 2173 glossae
413 2142 470 2147 —-
509 2118 623 2173 Meti,
668 2118 817 2173 lzestus,
861 2118 945 2159 heti
983 2142 1037 2148 ——-
1079 2117 1350 2160 scribendum
1393 2119 1449 2160 sit
1494 2119 1643 2161 statim
1681 2120 1725 2161 in

205 2188 351 2230 oculos
377 2189 567 2231 incurrit.
629 2190 780 2246 Itaque
812 2190 948 2232 multa
973 2191 1091 2233 velut
1117 2190 1182 2233 hic
1206 2190 1352 2233 desunt
1374 2191 1565 2232 tentanti
1589 2206 1725 2247 neque

203 2261 350 2301 tamen
393 2261 578 2303 multum
629 2261 872 2316 proficienti
921 2261 1131 2303 succurrit
1180 2260 1286 2302 mihi
1336 2275 1443 2315 quae
1493 2261 1538 2303 in
1580 2263 1723 2305 codice

203 2329 401 2372 Leidensi
432 2331 460 2372 1.
491 2346 522 2372 s.
554 2347 585 2373 s.
617 2334 843 2385 excerptae
875 2331 1095 2385 praecedit
1125 2331 1273 2386 glossa
1309 2345 1395 2372 non
1426 2332 1565 2373 minus
1599 2333 1724 2375 mira:

202 2400 267 2441 hic
295 2399 413 2442 habet
440 2402 578 2443 minus
607 2395 694 2455 inf,
733 2416 862 2456 quam
894 2401 1026 2443 etiam
1057 2402 1320 2457 glossarium
1352 2400 1612 2457 Salomonis,
1650 2403 1726 2444 ubi

203 2471 310 2513 inter
341 2464 548 2527 scriptum
580 2473 663 2526 est,
704 2469 890 2512 exhibet.
953 2469 1215 2525 Compositis
1254 2471 1321 2513 his
1362 2471 1526 2513 duabus
1568 2473 1724 2528 glossis

204 2610 379 2644 quonam.
453 2598 661 2635 Coniecerit
704 2597 862 2634 fortasse
915 2597 1100 2643 quispiam
1150 2598 1288 2634 collata
1343 2597 1552 2635 Salomonis
1601 2601 1725 2646 glossa

207 2657 440 2693 ‘stlattaria
471 2670 587 2704 genus
613 2660 668 2693 est
692 2656 798 2693 nauis
829 2656 1034 2692 latronibus
1068 2659 1198 2702 aptum
1224 2659 1263 2693 et
1293 2658 1340 2693 ab
1365 2658 1441 2693 illis
1465 2670 1652 2704 possessa,
1686 2661 1726 2696 in

204 2727 280 2760 qua
311 2719 515 2762 properant
545 2717 710 2752 diuersas
734 2716 852 2762 pclari
883 2716 963 2760 (scr.
989 2716 1174 2762 praedari)
1207 2719 1337 2762 gentes
1361 2717 1423 2752 uel
1448 2718 1616 2763 regiones
1629 2719 1653 2762 ³,
1679 2721 1724 2755 ab

202 2775 375 2810 stlataria
399 2776 521 2811 nescio
547 2776 610 2811 ubi
636 2776 813 2821 scriptum
844 2775 1015 2819 maleque
1045 2774 1280 2811 intellectum
1306 2787 1400 2818 esse;
1433 2776 1462 2811 si
1488 2776 1569 2821 quis
1601 2779 1725 2813 autem

205 2833 323 2869 eiecta
354 2835 467 2869 tertia
498 2847 522 2869 a
551 2835 678 2870 littera
715 2835 760 2870 ab
791 2835 917 2870 stlatta
948 2833 1108 2871 scribere
1140 2834 1330 2878 maluerit,
1363 2846 1436 2871 non
1467 2835 1586 2871 habeo
1625 2837 1725 2882 quod

205 2893 333 2932 contra
358 2904 538 2933 moneam.
801 2898 807 2903 '
