2019 3254
244 295 374 329 unam
405 300 425 329 s
457 285 706 331 scribendae
731 286 846 331 haud
877 274 1295 344 improbabilis-nisi
1324 287 1452 332 fallor
1481 284 1768 332 ratiocinatio.

244 358 421 400 Etenim
463 361 513 401 ut
554 351 718 403 caussa
760 374 945 414 quaesso
990 360 1102 402 aliae
1146 361 1383 416 scripturae
1425 360 1631 416 proximis
1670 362 1770 415 post

245 427 467 472 Christum
505 431 688 473 saeculis
727 434 1007 481 evanuerant,
1044 432 1108 473 ita
1146 432 1278 473 etiam
1312 432 1464 485 ylossa
1501 432 1554 473 ad
1591 431 1768 472 eandem

245 500 575 543 similitudinem
606 502 928 544 accommodata
953 503 1092 557 magis
1119 503 1343 557 magisque
1369 493 1511 556 ylosa‘
1530 501 1767 555 scripturae

245 571 424 612 cessisse
456 573 638 626 videtur,
670 576 718 613 ut
742 572 968 614 Aurelium
995 573 1215 626 Opillium,
1239 572 1490 626 Varronem,
1521 571 1767 613 Ciceronem

241 641 396 694 ylossa
427 641 568 684 forma
600 658 625 685 a
651 641 827 686 Graecis
860 645 1037 698 accepta
1067 657 1166 685 usos
1193 657 1285 684 esse
1316 657 1403 685 non
1435 642 1613 685 sitvveri
1644 641 1765 684 dissi-

244 710 357 751 mile.
414 711 532 759 Quae
565 715 709 753 autem
740 713 785 753 in
816 714 922 766 ipsis
955 713 1180 767 glossariis
1212 713 1263 753 de
1290 713 1427 765 ylossa
1452 714 1635 765 glossula
1661 714 1766 766 ylos-

242 793 354 822 sema
391 782 568 824 vocibus
607 783 854 837 traduntur,
891 798 979 824 non
1017 783 1092 824 abs
1131 796 1175 823 re
1207 782 1346 823 visum
1378 784 1445 823 est
1475 782 1624 824 statim
1656 782 1766 824 subi—

243 864 350 891 cere.
413 850 522 892 Sunt
553 854 699 893 autem
729 851 836 892 haec
867 853 1253 905 interpretamenta
1284 852 1390 891 satis
1422 852 1582 892 ieiuna:

424 934 635 976 Glosema:
667 935 946 987 interpretatio
976 948 1208 976 sermonum
1267 981 1271 984 ,

362 1008 440 1045 cod.
467 1008 722 1054 Amplonian.¹
747 1020 782 1054 p.
810 1011 892 1054 335,
919 1012 961 1043 77
989 1008 1154 1053 quosimu
1178 1007 1478 1053 interpraetatio);
1505 1007 1582 1042 cod.
1604 1008 1764 1042 Beruen-

363 1067 414 1101 sis
449 1072 518 1102 224
560 1069 584 1103 f.
625 1068 752 1102 212vb
802 1068 988 1111 (yiossema
1023 1068 1328 1111 interpraetatio);
1380 1067 1457 1123 Mai
1494 1067 1544 1101 Vl
1587 1079 1622 1111 p.
1664 1068 1764 1102 5251>

364 1125 576 1171 (ylossema).

425 1197 575 1240 Glosa:
607 1198 885 1252 interpretatio
915 1211 1146 1239 sermonum
1171 1198 1259 1238 siue
1289 1197 1432 1250 linqua
1450 1210 1590 1250 yraeee
1613 1198 1763 1239 dieitur

369 1272 449 1306 cod.
475 1272 667 1308 Leidensis
694 1272 775 1308 67E
801 1272 826 1308 f.
854 1272 950 1307 29¹b
977 1273 1113 1317 (yrece).

421 1343 571 1386 Glosa:
602 1345 856 1398 eonyreyatio
886 1357 1119 1386 sermonum

360 1419 440 1453 cod.
468 1418 716 1464 Sangallensis
742 1423 810 1453 912
837 1431 872 1463 p.
901 1423 985 1461 1193
1018 1418 1064 1453 cf.
1096 1418 1207 1463 gloss.
1235 1418 1461 1453 Salomonis:
1493 1419 1595 1463 ylosa
1620 1429 1761 1464 conyre-

357 1478 458 1520 qatio
491 1472 698 1513 sermonum
723 1478 777 1511 vel
810 1477 1061 1521 interpretatio
1095 1476 1185 1521 [sive
1215 1476 1258 1510 de
1288 1476 1450 1522 arbore]‚
1482 1477 1585 1511 cuius
1616 1478 1761 1522 glossae

357 1546 402 1569 ex
439 1536 583 1570 duabus
621 1535 848 1580 compositae
887 1546 983 1579 quae
1021 1535 1135 1570 verba
1167 1534 1310 1569 uncinis
1349 1534 1680 1580 cireumclusimus,
1718 1547 1763 1571 ea

358 1593 509 1628 aliunde
534 1594 684 1629 invecta
708 1595 804 1628 sunt.

416 1666 558 1708 Λέξιεε
586 1666 768 1719 ylossula

358 1738 506 1783 glossae
535 1739 695 1785 ‘cyrilli’
723 1752 760 1785 p.
787 1743 867 1784 527,
894 1743 913 1774 7
941 1740 998 1775 ed.
1024 1739 1178 1775 Vulcan.

360 1810 480 1852 Haec
500 1812 551 1852 de
573 1811 786 1865 scriptura
805 1814 849 1852 et
868 1812 1060 1865 ipsorum
1080 1812 1392 1866 glossariorum
1410 1811 1760 1865 interpretamen-

238 1882 307 1922 tis.
371 1881 495 1930 Quod
528 1884 672 1922 autem
705 1882 757 1922 ad
784 1882 921 1934 ylossa
952 1884 995 1923 et
1022 1883 1270 1935 ylossarium
1301 1881 1605 1923 vocabulorum
1636 1897 1759 1924 usum

240 1952 412 2005 attinet,
437 1951 519 1993 hoc
544 1966 676 1993 unum
702 1951 960 1993 monendum
986 1952 1166 2006 videtur,
1190 1952 1402 1994 rariorum
1427 1967 1577 1994 vocum
1597 1967 1759 1994 earum-

239 2036 320 2075 que
347 2022 832 2075 interpretamentorum
863 2037 1017 2076 corpus
1043 2023 1088 2064 in
1113 2023 1218 2077 ipsis
1246 2023 1461 2064 codicibus
1492 2038 1579 2064 non
1604 2024 1759 2076 ytossa-

236 2093 348 2133 rium
381 2091 594 2146 appellari
627 2092 783 2146 solere,
816 2092 888 2133 sed
913 2092 1002 2133 fere
1029 2106 1195 2146 semper
1228 2092 1405 2133 inscribi
1441 2093 1510 2133 vel
1547 2093 1759 2134 subscribi

236 2164 440 2216 incipiunt
489 2163 540 2215 yl
548 2176 675 2216 osae,
732 2163 879 2214 incipit
931 2164 1172 2216 conscriptio
1216 2163 1486 2217 ylosarum,
1541 2165 1761 2217 expliciunt

231 2234 419 2288 ylosae,
463 2233 507 2274 id
545 2246 680 2287 genus
726 2232 908 2274 similia:
946 2247 1204 2288 quamquam
1249 2233 1379 2274 etiam
1423 2232 1508 2274 alia
1550 2233 1759 2275 vocabula

235 2320 314 2346 usu
340 2304 533 2357 veniunt,
565 2303 685 2344 velut
710 2303 755 2343 in
782 2303 864 2343 fine
892 2303 1134 2356 glossarum
1160 2303 1318 2344 codicis
1346 2301 1639 2357 Sangallensis
1672 2303 1757 2344 912

234 2375 474 2429 pervetusti
506 2389 545 2428 p.
578 2374 665 2414 320
698 2373 926 2414 subicitur:
964 2372 1129 2414 EXPL.
1162 2372 1626 2415 ERMENEUMATA.

353 2468 603 2510 Transimus
636 2468 689 2509 ad
721 2468 890 2522 glossas
921 2468 1049 2522 ipsas.
1111 2466 1291 2508 Glossae
1322 2469 1467 2520 partes
1500 2468 1606 2509 duae
1639 2471 1755 2509 sunt:

234 2541 395 2581 lemma
426 2539 577 2592 altera,
610 2538 746 2579 altera
778 2539 1229 2593 interpretamentum,
1262 2552 1441 2591 quarum
1473 2538 1595 2580 illam
1633 2541 1754 2594 quot-

234 2612 340 2664 quot
372 2622 452 2662 ego
478 2609 581 2650 novi
612 2610 923 2664 glossariorum
949 2609 1115 2650 codices
1142 2622 1288 2648 omnes
1300 2607 1331 2663 1)
1357 2608 1403 2648 in
1428 2608 1613 2663 sinistra,
1644 2610 1753 2651 hanc

333 2725 358 2770 ¹)
380 2723 464 2759 Non
485 2723 611 2758 obstat
630 2723 922 2759 vetustissimum
942 2722 1113 2769 glossarii
1133 2721 1377 2767 latinograeci
1390 2724 1600 2769 exemplum
1620 2725 1752 2770 papyri

230 2783 448 2818 Parisiensis
480 2794 512 2816 a.
548 2786 638 2817 1865
673 2783 793 2817 editae
826 2784 864 2817 et
895 2782 1106 2826 nuperrime
1137 2793 1159 2816 a
1198 2782 1421 2816 Buechelero
1456 2782 1494 2815 in
1525 2783 1755 2818 Fleckeiseni

230 2842 362 2878 Annal.
395 2843 420 2876 t.
450 2845 515 2875 111
555 2843 601 2886 (a.
636 2844 741 2886 1875)
773 2853 809 2886 p.
841 2844 909 2874 309
942 2852 1022 2885 sqq.
1057 2840 1203 2886 egregie
1236 2841 1445 2884 enarratae,
1482 2840 1619 2885 quippe
1651 2841 1752 2876 cuius

230 2901 439 2947 glossarioli
464 2900 560 2936 ratio
586 2911 734 2947 prorsus
760 2899 956 2946 singularis
983 2899 1041 2934 sit.
