2019 3254
247 238 416 294 giarum
444 238 693 293 spiritaliter
719 238 996 293 compositae’
1029 239 1304 293 depromptae
1336 251 1428 278 esse
1460 252 1548 280 non
1574 240 1768 296 possunt.

245 309 421 351 Etenim
454 323 715 364 quamquam
747 309 895 351 insunt
927 325 1027 351 sane
1065 311 1110 351 in
1147 310 1228 352 hoc
1260 309 1468 364 glossario
1499 324 1588 350 non
1626 310 1769 362 nullae

247 380 415 435 glossae
449 393 556 433 quae
596 378 725 419 etiam
757 379 869 432 apud
900 378 1249 421 Almeloveenum
1281 381 1466 433 exstant,
1497 381 1641 421 tamen
1674 394 1769 421 cum

249 449 385 492 multo
425 449 562 490 maior
600 463 699 502 pars
738 449 798 490 ibi
836 449 976 503 deest,
1013 436 1104 490 tum
1142 450 1208 491 vel
1243 452 1471 505 propterea
1508 449 1770 492 Almelovee-

245 521 376 562 niana
427 520 593 575 glossas
644 519 771 560 etiam
813 533 847 572 p
883 533 908 571 q
945 533 968 559 r
1003 533 1023 561 s
1072 520 1310 561 litterarum
1360 520 1623 562 continentia
1672 520 1769 562 inde

246 591 419 632 fluxisse
458 604 546 631 non
585 591 784 643 possunt,
823 589 934 642 quod
973 588 1176 630 Vossiani
1219 590 1333 631 illius
1375 591 1572 646 glossarii
1601 605 1635 645 p
1673 593 1716 632 et
1751 604 1771 633 3

247 662 415 702 litterae
448 662 671 701 truncatae
710 661 826 712 sunt,
862 673 887 711 q
926 662 1068 700 autem
1101 663 1144 701 et
1180 675 1204 700 r
1240 675 1415 714 prorsus
1453 662 1772 717 interciderunt,

250 732 291 772 id
318 731 430 786 quod
456 730 670 772 Lucianus
695 728 922 772 Muellerus
949 729 994 770 in
1018 728 1127 771 Nov.
1153 729 1265 771 Ann.
1290 730 1393 783 phil.
1420 732 1448 771 t.
1475 731 1531 772 93
1558 729 1613 787 (a.
1638 732 1770 787 1866)

247 816 286 855 p.
318 802 402 842 397
443 798 794 842 commemoravit
830 800 872 839 et
904 812 983 853 ego
1023 798 1113 852 ipse
1156 813 1206 840 ex
1244 799 1482 840 Burmanni
1520 802 1771 856 apographo

247 872 444 912 sciebam.
506 870 656 923 Itaque
689 868 819 909 alium
859 867 1023 908 fontem
1060 868 1193 908 fuisse
1226 870 1387 909 certum
1426 872 1500 909 est.
1560 870 1651 911 Iam
1683 886 1770 913 non

248 941 384 982 nullas
411 939 706 981 Almeloveeni
732 938 901 993 glossas
928 939 1056 980 etiam
1082 939 1128 980 in
1160 939 1301 981 codice
1327 939 1542 982 Vossiano
1569 942 1625 983 82
1651 945 1694 984 et
1727 943 1769 984 in

246 1012 431 1053 secundo
447 1010 603 1052 codicis
618 1008 897 1064 Amploniani
913 1009 1121 1064 glossario
1134 1008 1166 1065 ¹)
1181 1009 1332 1051 habes:
1349 1012 1540 1053 attamen
1554 1002 1604 1054 ex
1618 1016 1770 1056 neutro

245 1084 344 1125 illae
372 1082 580 1137 glossario
606 1081 766 1135 petitae
788 1083 898 1133 sunt,
926 1081 998 1121 sed
1023 1081 1165 1133 potius
1193 1096 1242 1121 ex
1263 1081 1433 1122 ‘Isidori
1459 1084 1613 1136 glossis
1642 1100 1771 1125 manu

248 1153 417 1209 scriptis
448 1151 565 1193 Petri
598 1153 640 1193 et
670 1149 887 1192 Francisci
918 1148 1223 1206 Pithoeorum’‚
1255 1151 1306 1193 de
1340 1167 1422 1208 quo
1453 1156 1579 1196 n'emo
1607 1154 1770 1197 dubita-

245 1226 328 1279 bit,
366 1225 438 1278 qui
477 1224 643 1278 glossas
683 1237 707 1262 a
746 1221 959 1263 savarone
997 1222 1050 1262 ad
1089 1221 1309 1263 Sidonium
1341 1223 1634 1277 Apollinarem
1674 1226 1771 1267 inde

247 1295 383 1338 editas
417 1294 530 1352 (vide
561 1308 690 1348 supra
723 1308 762 1348 p.
789 1290 864 1349 30)
898 1307 992 1335 cum
1025 1292 1414 1337 Almeloveenianis
1445 1297 1772 1351 comparaverit:

289 1428 295 1434 ·
473 1387 774 1421 Almeloveenus:
1010 1385 1013 1414 ¹
1326 1385 1481 1421 Savaro:
1509 1412 1517 1419 .

245 1459 280 1492 p.
310 1450 360 1481 la
384 1445 542 1481 Bocetaz
568 1456 705 1491 pascua
1010 1417 1065 1489 ip.
1095 1449 1158 1479 121
1174 1444 1184 1464 ¹
1210 1445 1366 1480 Bocetaz
1392 1458 1532 1491 pascua

388 1506 526 1539 Bucer:
552 1515 664 1548 pecus
691 1503 871 1537 bubulum
1009 1499 1012 1562 ξ
1213 1504 1350 1538 Bucer=
1376 1515 1486 1549 pecus
1511 1505 1687 1540 bubulum

390 1562 566 1598 Buceria:
594 1563 763 1597 armenta
788 1561 961 1607 pecuaria
1009 1566 1012 1606 l
1213 1562 1390 1598 Buceria:
1416 1566 1584 1599 armenta
1601 1566 1779 1610 pecuaria-

392 1622 544 1656 Bucitat
571 1632 710 1665 pascua
1009 1607 1012 1660 l
1213 1621 1364 1656 Bucita:
1390 1633 1529 1666 pascua
1767 1614 1771 1617 ⁵

245 1693 280 1727 p.
311 1680 360 1716 lb
387 1671 592 1716 Pellaciaet
619 1678 851 1715 seductiones
1009 1666 1066 1771 gp.
1094 1679 1185 1714 1212
1211 1679 1414 1715 Pellaciae:
1442 1680 1671 1717 seductiones

389 1740 573 1774 Pellaces:
601 1740 812 1774 seductores
1213 1738 1399 1773 Pellacest
1426 1739 1632 1775 seductores

346 1869 370 1913 ¹)
397 1869 512 1903 Velut
537 1868 628 1903 duas
659 1869 817 1913 glossas,
851 1879 946 1911 quae
973 1868 1020 1902 ad
1051 1869 1170 1902 certos
1198 1867 1401 1902 Terentii
1441 1880 1564 1903 versus
1590 1870 1770 1914 spectant.

250 1917 387 1951 Earum
414 1915 526 1961 plena
552 1914 741 1959 memoria,
770 1925 882 1959 quam
909 1914 1058 1959 quidem
1084 1926 1153 1959 ego
1179 1925 1276 1948 nunc
1301 1914 1478 1959 noverim,
1504 1915 1595 1951 haec
1622 1918 1693 1952 est:

443 1975 668 2018 Conpotrixz
695 1975 894 2016 conbibola,
921 1975 1102 2008 coebriosa

368 2023 462 2056 lans.
496 2022 542 2055 ab
580 2021 824 2055 Almeloveen
857 2020 1013 2055 auctarii
1045 2032 1080 2063 p.
1115 2023 1164 2054 la
1203 2021 1414 2064 (compotrix
1446 2022 1659 2066 comit-olak
1692 2023 1771 2058 cod.

366 2069 569 2104 Vossianus
595 2068 672 2103 Fol.
695 2072 740 2102 24
767 2068 981 2112 (compotrix
1001 2067 1188 2102 convibola
1214 2070 1237 2105 ἰ
1263 2068 1432 2112 ebrio-sak
1465 2069 1543 2104 cod.
1570 2070 1771 2105 Vossianus

366 2116 444 2152 Fol.
471 2120 515 2151 82
549 2117 756 2158 (convivula
788 2117 841 2150 vel
866 2115 1064 2158 aebriosa);
1096 2114 1175 2148 cod.
1208 2114 1500 2159 Amplonianus2
1530 2128 1564 2160 p.
1591 2121 1675 2161 289,
1703 2122 1770 2152 253

367 2164 569 2207 (comit-ola
600 2164 653 2198 vel
685 2164 930 2206 coelebriosa);
962 2162 1072 2207 gloss.
1107 2161 1313 2196 Salomonis
1340 2163 1553 2207 (compotrix)
1577 2168 1627 2199 est
1652 2166 1770 2200 convi-

369 2213 450 2246 ποῖα
481 2212 534 2246 vel
565 2212 736 2255 ebriosa);
771 2211 850 2245 cod.
884 2209 1178 2254 Amplonianus²
1216 2209 1312 2245 ined.
1345 2221 1379 2254 p.
1407 2214 1491 2254 289,
1519 2212 1623 2257 253s4
1663 2212 1772 2256 (nihil

370 2258 442 2293 nisi
467 2260 677 2302 conpocrz's:
705 2259 936 2302 convivolus).

249 2317 381 2352 Glossa
406 2318 453 2352 ad
480 2318 744 2353 Terentianum
769 2316 931 2351 Andriae
957 2328 1105 2351 versum
1132 2320 1199 2349 232
1228 2315 1268 2358 (Ι,
1290 2320 1321 2357 4,
1349 2318 1383 2357 5)
1410 2319 1497 2360 quia
1522 2321 1774 2362 compotrix

248 2366 324 2398 e'z'us
350 2368 399 2397 est
424 2366 585 2409 spectat3
617 2365 665 2399 ad
691 2364 847 2399 eundem
874 2363 1009 2398 codicis
1037 2362 1289 2407 Sangallensis
1314 2366 1381 2396 912
1414 2368 1518 2407 p.-6O
1544 2367 1771 2410 compotrix:

249 2412 345 2445 socia
371 2412 419 2445 ad
445 2412 646 2446 bibendum.

442 2470 719 2505 Convasassemz
745 2471 923 2512 furassem

369 2516 448 2551 cod.
475 2516 674 2551 Vossianus
705 2517 783 2552 Fol.
818 2521 863 2551 24
895 2517 1116 2560 (iurassem);
1149 2515 1227 2551 cod.
1260 2514 1459 2550 Vossianus
1489 2516 1567 2551 Fol.
1595 2521 1655 2560 823
1690 2519 1769 2554 cod.

369 2563 661 2607 Amplonianus²
701 2576 736 2608 p.
768 2568 854 2606 290,
887 2568 956 2598 274
995 2566 1289 2608 (σοηυαεεαεεενη
1326 2562 1509 2606 scriptura
1539 2565 1695 2599 notabili
1734 2568 1772 2600 et

370 2609 460 2644 alibi
487 2621 633 2654 quoque
659 2622 733 2645 non
757 2613 870 2655 rara);
897 2610 1008 2655 gloss.
1037 2609 1243 2644 Salomonis
1268 2610 1509 2653 (convassem).

247 2668 460 2704 Pleniorem
492 2668 610 2704 edidit
640 2669 848 2705 Ianssonius
880 2670 927 2705 ab
959 2669 1199 2705 Almeloveen
1232 2669 1329 2704 auct.
1360 2680 1396 2713 p.
1425 2672 1475 2704 la
1506 2679 1771 2707 convasassemt

250 2719 455 2760 furassem;
479 2717 678 2760 fiyuratum
704 2730 726 2751 a
752 2719 961 2761 colliyendis
985 2719 1092 2751 vasis.
1143 2716 1350 2751 Referenda
1381 2718 1437 2750 est
1466 2716 1514 2749 ad
1540 2716 1772 2752 Phormionis

249 2775 398 2798 versum
426 2766 494 2796 190
521 2763 561 2806 (I,
587 2767 620 2804 4,
648 2765 705 2806 13)
738 2764 879 2806 ciliquid
910 2765 1214 2798 convasa'ssem
1245 2766 1351 2807 atque
1381 2763 1466 2796 hinc
1497 2773 1549 2796 me
1580 2763 1773 2798 conicerem

245 2811 439 2855 protinam
464 2811 506 2843 in
526 2810 647 2853 pedes,
678 2810 743 2844 ubi
768 2809 935 2844 Donatus
960 2819 1224 2845 convasassem:
1256 2811 1455 2856 figuratum
1486 2812 1536 2844 est
1561 2821 1584 2844 α
1609 2810 1773 2856 colliyen-

251 2859 308 2892 dis
334 2858 442 2892 vasis.
493 2855 534 2891 F
532 2868 642 2892 arare
667 2856 830 2901 vulgaris
855 2858 1033 2892 sermonis
1061 2858 1126 2892 est.
