2019 3254
840 186 1129 230 „17—

226 297 479 354 conspicuae
528 297 740 339 fluxerint.
820 295 936 346 Quae
986 293 1180 350 quaestio
1230 292 1335 334 satis
1380 293 1600 349 intricata,
1643 307 1739 335 cum

226 370 418 412 codicum
456 370 623 425 glossas
662 367 975 411 continentium
1012 366 1244 421 praecipua
1280 379 1379 420 pars
1424 365 1655 406 etiamnum
1696 365 1741 406 in

225 440 502 483 bibliothecis
532 440 783 482 abscondita
813 439 960 493 lateat,
986 437 1153 480 absolvi
1183 437 1371 480 nondum
1396 438 1551 491 potest,
1582 436 1741 491 attingi

227 512 370 553 autem
401 513 443 553 et
474 525 525 552 ex
555 512 676 564 parte
707 509 888 552 tractari
917 511 1073 564 potest.
1121 508 1266 563 Atque
1298 510 1346 550 ut
1377 507 1538 549 multae
1570 507 1741 562 glossae

228 596 278 622 ex
327 581 544 622 codicibus
595 580 817 634 glossatis,
859 583 908 621 ut
955 580 1038 621 hoc
1086 579 1340 621 vocabulum
1389 578 1552 632 fingere
1601 577 1742 630 liceat,

228 652 375 705 aperte
407 652 601 704 sumptae
627 652 738 704 sunt,
768 664 946 704 quarum
971 649 1165 704 exempla
1196 648 1310 690 infra
1336 662 1503 703 quaere,
1533 647 1595 689 ita
1626 647 1738 702 equi-

231 721 326 762 dem
356 735 442 762 non
466 720 614 761 dubito
647 720 751 774 quin
773 720 888 760 bona
917 734 1018 773 pars
1050 720 1395 761 doctissimarum
1420 719 1663 774 glossarum
1689 719 1742 760 ad

231 790 548 833 vetustissimos
575 789 910 846 glossographos
936 814 990 819 —
1017 788 1218 831 Aurelios
1244 789 1424 844 Opillios
1457 789 1565 844 dico,
1595 789 1742 831 Aelios

232 861 435 915 StHones,
477 860 647 902 Servios
686 859 915 913 Sulpicios,
953 859 1062 901 alios
1096 884 1147 888 —
1181 859 1373 914 redeant,
1416 874 1499 913 quo
1537 874 1588 900 ex
1624 860 1743 901 fonte

232 947 340 985 quae
383 931 541 973 hausta
590 933 712 972 erant
760 945 836 984 per
872 929 1030 971 multos
1073 929 1235 971 rivulos
1280 929 1407 971 ducta
1443 932 1661 983 postremo
1699 931 1744 971 in

233 1001 444 1055 glossaria
486 1003 635 1042 nostra
677 1001 974 1054 pervenerunt.
1045 998 1234 1040 Exstant
1274 999 1387 1040 enim
1428 999 1600 1054 glossae
1637 1013 1744 1054 quae

234 1086 321 1113 non
364 1072 454 1113 sine
498 1070 643 1125 aliqua
684 1068 992 1124 probabilitate
1036 1069 1089 1111 ad
1131 1071 1222 1110 tam
1271 1069 1507 1124 locupletes
1552 1072 1744 1112 auctores

234 1141 426 1182 revocari
456 1154 582 1194 posse
612 1139 847 1181 videantur.

351 1208 478 1265 Apud
508 1209 684 1252 Festum
719 1225 759 1265 p.
794 1210 910 1253 1732,
941 1211 995 1252 21
1035 1210 1086 1252 de
1122 1209 1366 1253 nuscitiosus
1401 1224 1504 1252 voce
1540 1210 1646 1252 haec
1678 1224 1746 1252 ex-

236 1285 468 1336 ponuntur:
508 1281 883 1323 ‘Nuscitiosum
907 1280 1092 1323 Ateius
1118 1281 1425 1336 Philologus
1452 1281 1513 1322 ait
1538 1281 1746 1336 appellari

239 1352 432 1407 solitum,
476 1352 549 1407 qui
590 1355 767 1407 propter
810 1353 1029 1395 oculorum
1071 1353 1225 1394 vitium
1266 1367 1418 1407 parum
1460 1352 1634 1394 videret.
1702 1354 1748 1393 at

237 1422 461 1476 Opillius
492 1422 736 1463 Aurelius
773 1422 1034 1463 nuscitiones
1066 1436 1158 1463 esse
1189 1422 1475 1464 caecitudines
1505 1425 1748 1464 nocturnas

236 1492 415 1534 Aelius
454 1492 604 1547 Stilo,
643 1492 730 1547 qui
766 1493 880 1546 plus
918 1492 1118 1534 videret
1156 1492 1375 1547 vesperi,
1419 1507 1564 1546 quam
1600 1493 1748 1533 meri-

238 1563 335 1618 die,
372 1578 459 1605 nec
492 1565 829 1617 cognosceret
864 1562 967 1603 nisi
1005 1562 1140 1617 quod
1177 1577 1331 1617 usque
1364 1562 1423 1603 ad
1454 1563 1629 1604 oculos
1669 1563 1749 1604 ad-

238 1633 512 1675 mouisset.'
582 1633 682 1675 Non
717 1633 1002 1687 improbabile
1041 1647 1132 1674 esse
1170 1633 1295 1687 duco,
1338 1648 1389 1674 ex
1425 1632 1540 1674 Aelii
1572 1632 1749 1674 Stilonis

236 1704 369 1759 largis
401 1702 534 1758 copiis
566 1703 802 1746 derivatam
834 1718 925 1745 esse
955 1702 1065 1745 hanc
1094 1702 1300 1758 pusillam
1331 1703 1538 1759 glossam:

415 1809 659 1851 Nuseiosus:
691 1809 762 1863 qui
783 1809 883 1863 plus
912 1823 1067 1863 vespere
1095 1810 1202 1852 videt
1213 1807 1245 1865 1)

358 1903 436 1937 cod.
456 1902 658 1937 Vaticanus
678 1906 768 1936 3321
795 1902 819 1938 f.
841 1907 946 1946 10513
972 1903 1051 1937 cod.
1073 1902 1323 1948 Sangallensis
1343 1906 1410 1936 912
1436 1913 1471 1946 p.
1494 1906 1559 1937 181
1586 1904 1751 1947 (vepere);

359 1960 438 1996 cod.
477 1959 679 1995 Vossianus
717 1960 794 1995 Fol.
830 1964 892 2004 823
934 1960 1011 1995 Mai
1040 1960 1092 1995 VI
1127 1972 1164 2006 p.
1197 1960 1313 2003 535b;
1354 1960 1465 2004 gloss.
1507 1960 1753 1996 Hildebrandi

360 2031 395 2064 p.
421 2023 499 2062 221,
528 2023 612 2062 143;
637 2019 746 2064 gloss.
768 2019 973 2055 Salomonis
997 2019 1022 2054 f.
1045 2019 1180 2063 1431b3
1206 2019 1285 2054 cod.
1307 2019 1599 2064 Amplonianus²
1623 2020 1752 2055 inedit.

357 2091 391 2123 p.
419 2082 499 2122 355,
525 2077 646 2123 38s393
672 2078 751 2113 cod.
778 2078 1070 2123 Amplonianus¹
1096 2091 1131 2123 p.
1158 2082 1238 2123 354,
1266 2081 1310 2113 50
1336 2078 1535 2122 (nasciosus
1558 2090 1589 2123 q.
1615 2089 1754 2123 vespere

354 2137 443 2182 plus
478 2136 602 2181 vidit);
648 2136 753 2172 codd.
790 2137 979 2173 Leidensis
1014 2137 1093 2173 67F
1131 2137 1157 2172 f.
1188 2137 1291 2172 37vd
1326 2138 1364 2172 et
1400 2137 1594 2172 Beruensis
1627 2142 1697 2172 224
1728 2138 1753 2172 f.

360 2200 485 2230 217Va
510 2196 668 2238 (nuscios
689 2196 774 2239 plus
797 2206 937 2240 vespere
960 2196 1056 2231 videt
1080 2197 1234 2241 uterque
1254 2196 1400 2240 codex);
1431 2196 1541 2241 gloss.
1567 2196 1754 2231 Vincentii

361 2256 399 2289 et
423 2254 558 2299 Papias
585 2255 738 2298 (vespere
756 2254 856 2298 plus,
880 2256 923 2290 ut
947 2254 1025 2290 cod.
1051 2254 1265 2299 Amplon.¹).

244 2351 500 2403 Truncatam
556 2349 669 2391 enim
723 2350 835 2392 hanc
889 2351 1082 2406 glossam
1125 2365 1234 2405 esse,
1291 2353 1436 2405 aperte
1489 2350 1755 2393 demonstrat

249 2420 561 2476 comparativus
604 2420 676 2461 ille
712 2421 828 2476 plus,
874 2421 947 2476 qui
987 2422 1058 2463 vix
1095 2421 1227 2463 habet
1264 2436 1346 2476 quo
1385 2423 1481 2476 apte
1522 2421 1756 2476 explicetur

345 2597 370 2644 ¹)
394 2597 478 2633 Non
509 2596 612 2632 deest
642 2595 717 2631 alia
752 2594 950 2641 persimilis
980 2596 1106 2642 glossa
1141 2596 1188 2631 ad
1226 2595 1378 2632 eandem
1416 2607 1543 2631 vocem
1574 2598 1759 2642 spectans,

246 2669 342 2702 quae
368 2656 419 2691 sie
445 2656 575 2691 currit:

413 2726 628 2763 Nosciosus:
654 2727 718 2772 qui
741 2726 896 2761 melius
919 2735 1059 2770 vespere
1082 2725 1178 2761 videt

367 2786 445 2820 cod.
470 2785 663 2819 Palatinus
691 2788 779 2819 1773
805 2784 828 2819 f.
855 2787 960 2827 21013
985 2783 1120 2828 Papias
1145 2784 1364 2829 (noctiosus).

249 2857 303 2892 De
328 2856 488 2901 gemella
512 2855 629 2890 forma
654 2866 748 2899 quae
780 2856 836 2890 est
859 2854 1100 2901 lusci[ti]osus
1129 2854 1226 2890 infra
1251 2866 1270 2890 e
1294 2854 1427 2901 glossis
1452 2865 1524 2889 non
1550 2854 1653 2889 nulla
1677 2865 1758 2899 pro-

249 2915 424 2950 ferentur.
474 2913 527 2949 Cf.
554 2914 667 2949 etiam
693 2914 731 2949 F.
757 2913 999 2949 Ritschelium
1026 2913 1086 2949 ‘de
1112 2913 1215 2949 Varr.
1242 2913 1387 2958 discipl.
1412 2912 1530 2948 libris'
1558 2925 1593 2958 p.
1623 2917 1676 2947 17.

322 2979 446 3012 Ιιδννε,
466 2981 501 3005 de
522 2980 610 3011 gloss.
630 2981 681 3006 lat.
1457 2975 1478 3008 2
